1935 2884
851 0 1190 77 4214-ν

247 131 353 202 vn.
398 130 479 202 De
523 130 804 215 infinitivo
848 147 979 201 cum
1025 117 1332 200 adiectivis
1366 126 1737 199 ommacio

314 242 578 287 Accusativus
619 254 704 281 cum
743 241 933 281 infinitivo
973 240 1115 280 obiecti
1149 240 1276 279 instar
1311 251 1360 277 ex
1394 238 1614 289 adjectivis,
1656 247 1760 288 quae

204 296 501 346 participiorum
527 295 611 335 loco
639 298 742 345 sunt,
770 295 926 344 pendet.

206 350 438 389 conscius.
468 349 556 387 huic
583 348 776 388 adjectivo
805 360 888 388 cum
915 359 939 386 a
958 346 1158 397 Terentio,
1188 349 1269 386 tum
1296 358 1325 385 a
1343 346 1533 386 Cicerone
1560 356 1642 384 acc.
1672 356 1761 385 cum

205 402 275 441 inf.
305 403 460 441 additus
490 405 564 440 est.

205 460 257 495 tr.
286 457 391 506 V,4,
410 459 473 495 17.
597 465 671 494 nec
696 452 782 493 fore
806 456 1032 503 perpetuam
1061 456 1199 503 sperat
1228 452 1302 492 sibi
1330 451 1497 492 numinis
1524 450 1634 502 iram,

594 508 804 548 conscius
832 508 870 547 in
899 507 1014 556 culpa
1040 519 1116 546 non
1144 507 1301 546 scelus
1330 518 1436 546 esse
1465 517 1547 545 sua.

206 562 399 601 nescius
441 562 605 602 Ovidius
641 562 864 601 Ciceronem
904 564 1060 599 secutus
1098 572 1183 599 cum
1224 572 1304 599 acc.
1351 563 1393 598 et
1433 559 1502 598 inf.
1545 558 1759 598 coniunxit.

208 615 295 654 Tib.
316 616 350 664 Ι,
367 620 403 664 8,
422 620 484 654 72.
504 616 620 664 Prop.
640 616 691 664 V,
710 619 746 664 4,
765 619 826 653 68.
848 615 919 654 Ov.
943 616 1035 653 met.
1057 614 1159 664 XII,
1179 618 1212 652 1.
1234 625 1270 652 a.
1287 624 1322 652 a.
1342 612 1400 664 H,
1418 616 1480 652 50.
1500 612 1547 652 F.
1566 613 1647 662 III,
1664 616 1760 652 874.

206 672 300 707 met.
328 670 432 717 XII,
454 674 488 707 1.
597 668 781 706 nescius
809 668 1022 714 adsumptis
1049 667 1229 706 Priamus
1257 670 1373 715 pater
1400 667 1623 705 Aesacon
1651 666 1726 705 alis

594 721 759 759 vivere
787 720 955 767 lugebat.

207 773 415 823 ignarus.
444 772 608 814 Ovidius
638 772 836 814 Ciceronis
864 771 1036 821 exemplo
1065 783 1143 812 acc.
1174 775 1216 812 31
1242 771 1310 812 inf.
1342 771 1483 822 posuit.

206 832 298 866 met.
329 829 403 876 VI,
421 832 511 865 263.
593 827 802 875 ignarus,
832 837 905 864 non
934 837 1087 864 omnes
1117 837 1222 864 esse
1250 827 1498 874 rogandos.

207 891 388 919 memor.
420 880 474 928 (v.
503 880 576 918 Dr.
605 891 642 927 p.
673 878 782 928 400).
810 879 880 916 hoc
906 878 1141 916 adiectivum
1168 878 1333 927 primum
1360 889 1424 926 ap.
1454 877 1607 917 Livium
1637 881 1761 927 5,16,

212 937 262 972 10
291 933 331 972 111
360 932 513 972 oraculo
543 944 624 971 cum
653 944 732 971 acc.
763 934 803 971 et
830 930 896 971 inf.
922 931 1088 980 positum
1108 930 1291 980 occurrit3
1320 943 1383 980 ap.
1404 932 1479 973 Ov.
1500 935 1550 970 tr.
1570 932 1620 981 V,
1637 936 1674 981 3,
1691 935 1758 970 44.

206 988 255 1025 F.
283 987 475 1035 111‚379,
493 991 581 1024 553.
611 987 661 1035 V,
680 990 767 1024 692.

207 1040 254 1078 F.
283 1040 366 1090 III,
382 1044 474 1078 379.
590 1041 685 1088 tum,
712 1049 874 1077 memor
899 1037 1050 1086 imperii
1079 1040 1254 1077 sortem
1283 1037 1553 1077 consistere
1581 1037 1621 1077 in
1649 1037 1734 1088 illo,

595 1091 791 1130 consilium
819 1091 961 1129 multae
990 1091 1217 1130 calliditatis
1246 1091 1331 1130 init.

315 1145 457 1183 Nudus
486 1144 700 1183 infinitivus
729 1143 929 1183 adiectivis
958 1143 1112 1182 iunctus
1141 1144 1181 1193 a)
1210 1143 1391 1194 genitivi,
1418 1144 1459 1193 b)
1481 1143 1607 1183 dativi
1635 1143 1672 1195 c)
1693 1155 1760 1183 ac‘

208 1198 391 1248 cusativi,
421 1199 462 1248 d)
492 1197 656 1237 ablativi
684 1198 765 1236 loco
794 1201 867 1236 est.

962 1293 999 1321 a.

207 1357 407 1397 nescius.
457 1368 495 1396 v.
525 1357 596 1395 Dr.
630 1368 668 1405 p.
700 1360 788 1396 354.
832 1356 918 1395 huic
960 1356 1156 1396 adiectivo
1199 1367 1330 1396 omnes
1373 1360 1513 1405 poetae
1555 1355 1756 1405 Augustei

207 1414 368 1460 praeter
396 1410 588 1449 Tibullum
617 1409 849 1450 infinitivum
877 1410 1121 1450 addiderunt.
1151 1411 1268 1459 Prop.
1297 1412 1331 1460 I,
1352 1415 1412 1460 16,
1429 1415 1491 1450 20.
1521 1412 1572 1461 V,
1592 1416 1627 1461 1,
1646 1415 1708 1450 76.

207 1465 289 1502 her.
320 1464 422 1512 XII,
439 1468 503 1502 49.
538 1466 541 1469 ’
589 1463 734 1502 lumina
759 1465 1053 1503 succumbere
1081 1464 1243 1503 nescia
1270 1475 1415 1503 somno.

207 1518 254 1556 P.
283 1518 477 1567 II,9,45.
593 1517 778 1556 nescius
807 1517 932 1557 vinci
960 1515 1092 1556 armis.

962 1603 1000 1641 b.

207 1674 489 1769 natusiUV(Dr.
518 1688 555 1724 p.
587 1677 693 1726 352).
737 1677 897 1717 Ovidius
940 1677 1100 1717 Horatii
1142 1676 1316 1726 exemplo
1358 1676 1590 1716 infinitivum
1624 1677 1760 1726 posuit·

205 1732 298 1767 met.
417 1759 424 1777 ,
449 1733 538 1767 121.
1339 1769 1342 1772 Α

208 1792 244 1820 a.
273 1782 332 1831 II,
351 1786 412 1831 17,
431 1786 491 1820 12.
593 1794 614 1821 o
643 1781 763 1821 facies
792 1783 915 1822 oculos
944 1786 1056 1822 nata
1084 1786 1250 1823 tenere
1278 1783 1403 1823 meos!

207 1838 433 1926 {kssuetus
473 1836 574 1882 apud
607 1836 828 1885 Horatium,
872 1837 1101 1886 Vergilium,
1144 1837 1325 1877 Ovidium
1365 1836 1436 1876 inf.
1466 1836 1623 1885 excipit.
1658 1839 1757 1876 met.

257 1892 372 1937 ,533

207 1941 290 1980 her.
320 1941 480 1990 111,34.
589 1942 647 1981 bis
677 1954 746 1981 sex
774 1943 954 1982 assueti
983 1943 1174 1983 vincere
1203 1955 1358 1993 semper
1385 1944 1486 1992 equi.

206 1998 419 2043 paratus.
464 1993 516 2042 (v.
546 1996 616 2033 Dr.
645 2007 683 2044 p.
713 1996 808 2045 302)
849 1996 1032 2035 infinitivi
1065 2000 1314 2047 structuram,
1357 2008 1457 2045 quae
1490 2009 1554 2046 ap.
1583 1995 1758 2036 Ennium

205 2047 369 2096 primum
398 2047 575 2097 occurrit,
605 2048 809 2095 Horatius,
839 2049 1050 2099 Vergilius,
1078 2050 1242 2091 Ovidius
1270 2053 1517 2099 receperunt.

151 2128 155 2130 -
205 2103 298 2139 met.
328 2100 410 2150 ΙΙΙ,
426 2105 515 2139 377.
588 2101 656 2140 illa
683 2105 853 2150 parata
880 2106 952 2143 est
980 2107 1269 2153 exspectare
1298 2115 1424 2144 sonos.

205 2154 253 2192 F.
282 2153 357 2202 VI,
375 2131 436 2191 8⁷5.
586 2155 682 2193 haec
710 2156 821 2194 dare
848 2157 1056 2206 consilium,
1084 2168 1293 2206 pugnare
1322 2157 1542 2206 paratior
1569 2156 1637 2196 illa
1665 2158 1754 2195 331

203 2209 364 2255 aptus.
408 2217 457 2244 ex
495 2206 566 2245 hoc
615 2208 807 2248 adiectivo
855 2209 921 2248 inf.
957 2221 1047 2259 pan.
1076 2211 1200 2250 Mess.
1248 2211 1323 2261 IV,
1343 2216 1377 2261 1,
1397 2216 1446 2250 62
1482 2210 1640 2260 pendet,
1688 2221 1755 2258 ap

206 2259 393 2300 Ovidium
424 2259 484 2298 his
513 2259 626 2299 locis:

204 2312 483 2361 1131.ΙΙ,112.
592 2324 727 2362 regna,
753 2315 903 2355 nomine
930 2315 1096 2356 femineo
1123 2316 1191 2356 vix
1218 2317 1317 2357 satis
1345 2319 1461 2366 apta
1487 2316 1606 2366 regi.

204 2363 290 2405 her.
320 2366 400 2415 IX,
418 2370 506 2405 115.
594 2365 743 2406 femina
768 2368 852 2407 tela
877 2369 968 2409 tulit
994 2370 1187 2410 Lernaeis
1215 2373 1328 2410 astra
1354 2370 1530 2420 venenis,

592 2418 663 2459 131
669 2432 718 2459 re
746 2432 905 2470 gravem
931 2423 1024 2463 lana
1050 2423 1118 2464 vix
1146 2424 1246 2464 satis
1274 2426 1388 2473 apta
1416 2423 1551 2463 colum.

204 2472 290 2511 her.
318 2472 463 2521 XVII,
481 2477 544 2511 23.
598 2473 760 2522 aptior
786 2474 855 2514 illa
881 2475 1033 2524 quidem
1061 2477 1213 2526 placido
1240 2477 1353 2516 dare
1380 2477 1548 2516 verbera
1575 2477 1710 2525 ponto

202 2525 251 2565 F.
280 2526 340 2574 II,
356 2529 446 2564 200.
593 2537 614 2564 3
643 2526 727 2574 quis
755 2527 844 2567 dux
870 2528 981 2568 fieri
1008 2529 1170 2591 quilibet
1197 2532 1336 2580 aptus
1365 2532 1465 2569 erat.

203 2590 240 2618 3.
270 2579 304 2629 Ι,
322 2583 360 2624 5,
377 2583 439 2618 20.
483 2590 519 2618 a.
548 2579 685 2627 premi.
727 2591 762 2620 a.
780 2592 815 2620 a.
844 2581 878 2632 I,
897 2587 958 2623 10.
986 2582 1085 2632 regi.
1129 2587 1219 2623 358.
1249 2583 1348 2634 capi.
1389 2584 1437 2624 F.
1465 2583 1524 2634 ΙΙ,
1541 2586 1632 2623 254.
1643 2578 1755 2636 legi.

203 2642 295 2671 aa.
322 2633 407 2682 III,
422 2636 511 2670 534.
541 2644 688 2671 amare..
