1935 2884
1619 14 1630 30 ,ζ
1644 15 1649 19 ·
1675 10 1713 36 ’.Μ
1728 24 1757 33 ,Η
1778 19 1788 27 ,.

817 46 881 76 ->÷
926 35 959 76 4
1007 35 1074 73 ‘24-
1224 74 1282 105 ,-

178 141 275 181 duas
298 143 438 190 partes
465 139 669 179 discedunt
694 133 736 177 hi
763 137 875 185 enim,
902 135 968 184 qui
1000 134 1041 174 in
1080 132 1228 172 latinae
1267 127 1556 179 grammaticae.-
1584 126 1715 186 studio

178 198 401 242 versantur,
429 192 658 232 infinitivum
685 189 969 230 substantivum
996 187 1153 227 verbale
1182 194 1268 224 esse
1295 182 1479 243 iudicant,
1514 182 1614 242 quod
1642 189 1715 221 no«

178 246 357 285 minativi
385 250 427 285 et
453 244 666 285 accusativi
693 247 843 283 tantum
872 252 1028 280 munere
1071 239 1180 288 fungi
1206 239 1357 286 putant.
1398 235 1467 285 1111,
1495 246 1573 296 .q¹.¹¹
1614 245 1713 295 com-

178 299 399 348 parativam
439 299 655 347 linguarum
702 296 941 344 disciplinam
987 296 1172 342 tractant,
1217 288 1398 330 infinitivi
1444 298 1713 337 primigeniam

179 352 258 392 vim
286 352 409 392 dativi
436 351 651 400 antiquitus
678 349 797 390 fuisse
826 348 969 398 dicunt,
1002 347 1103 387 unde
1130 342 1294 395 profecti
1324 353 1368 381 eo
1395 341 1640 392 perveniunt,
1667 347 1715 381 ut

178 405 410 445 infinitivum
437 405 596 444 aliorum
625 414 773 452 quoque
802 413 954 441 casuum
988 400 1094 441 vices
1128 398 1323 447 suscipere
1363 407 1478 445 posse
1519 398 1712 435 statuant.

180 463 298 507 atque
326 459 431 497 illam
458 457 570 498 verbi
597 457 769 506 formam,
798 456 856 495 cui
885 453 1048 495 Romani
1083 463 1218 493 nomen
1258 449 1448 490 infinitivo
1475 448 1712 499 indiderunt,

181 514 270 560 quin
313 512 526 559 antiquitus
568 509 803 549 substantivi
844 519 955 546 casus
997 506 1152 546 dativus
1193 504 1311 544 fuerit
1357 503 1545 551 huiusque
1594 501 1712 551 signi-

180 565 397 604 ficationem
428 564 620 613 habuerit,
647 574 724 602 non
744 562 896 601 dubium
924 564 997 600 est.
1025 571 1063 600 v.
1091 558 1296 600 Schmalzii
1324 558 1371 597 de
1397 555 1553 606 syntaxi
1586 555 1715 595 latina

180 617 538 656 commentationem
565 628 603 665 p.
633 621 723 654 319.
753 615 867 653 alteri
894 614 998 663 parti
1027 614 1059 652 I.
1087 612 1272 652 Muelleri
1299 610 1387 650 libri
1414 610 1613 657 insertam,
1647 608 1713 660 qui

180 671 403 709 inscribit-ur
432 670 680 718 „Handbuch
714 670 784 707 der
816 668 1050 707 classi‘schen
1082 662 1611 712 Altertumswissenschaftff
1641 663 1714 701 hoc

180 723 274 763 vero
302 723 591 771 improbandum
620 725 694 770 est,
723 722 821 769 quod
848 720 1040 769 infinitivi,
1074 719 1138 767 qui
1178 719 1218 758 in
1263 716 1515 757 monumentis
1555 716 1713 765 linguae

180 777 327 815 latinae
357 779 529 825 exstant,
556 775 607 814 ad
633 774 738 814 illam
766 773 1069 822 antiquissimam
1097 772 1175 811 vim
1201 771 1377 811 revocari
1411 771 1553 810 debere
1588 774 1630 809 et
1663 780 1713 808 ex

180 841 229 868 ea
257 829 443 878 explicari
471 840 585 877 posse
614 832 786 867 censent.
816 839 924 875 quam
954 827 1143 865 rationem
1170 825 1423 864 audacissime
1461 826 1615 863 secutus
1651 826 1715 862 est

180 883 303 931 Jolly‚
333 883 398 929 qui
425 883 463 920 in
483 882 593 930 libro,
622 892 735 928 quem
761 880 958 928 inscripsit
987 879 1248 929 „Geschichte
1290 879 1358 916 des
1400 876 1619 916 Infinitivus
1660 876 1713 914 im

180 934 615 983 Indogermanisehen,“
644 945 773 972 omnes
801 933 941 972 latinos
969 932 1179 971 infinitivos
1208 932 1358 970 dativos
1393 931 1590 969 habendos
1624 940 1713 969 esse

181 988 281 1026 dixit
309 992 350 1033 et
377 989 427 1026 ab
456 988 531 1026 hac
563 987 763 1026 sententia
805 985 1000 1035 profectus
1042 985 1235 1034 explicare
1277 987 1436 1023 conatus
1478 986 1551 1022 est.
1593 987 1638 1022 at
1678 982 1713 1021 si

179 1041 332 1089 linguas
360 1052 436 1079 non
465 1041 584 1080 solum
614 1051 662 1079 ex
686 1039 803 1079 certis
826 1039 1021 1087 cogitandi
1048 1038 1197 1086 legibus
1225 1040 1331 1076 ortas
1361 1048 1447 1076 esse
1474 1040 1712 1085 reputamus,

181 1094 250 1133 sed
278 1094 376 1133 alias
406 1105 554 1141 quoque
582 1092 727 1142 ingenii
755 1092 860 1132 vires
888 1092 937 1131 ad
966 1104 1033 1132 eas
1068 1091 1296 1131 excolendas
1330 1094 1371 1130 et
1402 1090 1607 1129 mutandas
1642 1089 1714 1129 ali·

181 1150 364 1195 quantum
393 1147 621 1195 contulisse3
650 1146 683 1185 si
712 1146 811 1195 quod
839 1145 992 1185 saecula
1034 1145 1137 1185 inter
1177 1145 1342 1194 priscum
1382 1144 1488 1184 illum
1528 1143 1712 1184 infinitivi

139 1224 141 1226 v
179 1212 288 1238 usum
317 1205 358 1238 et
384 1204 631 1239 monument-a
657 1200 782 1238 latina
808 1200 1014 1238 interiecta
1043 1200 1132 1248 sint,
1152 1199 1386 1247 respicimus,
1406 1199 1475 1237 hos
1499 1197 1712 1237 infinitivos

178 1253 333 1301 latinos,
363 1254 498 1300 quales
526 1254 565 1291 in
594 1253 822 1300 scriptorum
848 1253 956 1291 libris
984 1252 1177 1300 leguntur,
1204 1263 1278 1290 non
1308 1262 1355 1289 ex
1380 1262 1458 1290 una
1482 1251 1713 1299 primigenia

179 1305 463 1354 significatione
492 1305 680 1354 explicari
707 1308 884 1354 oportere
916 1304 1031 1344 facile
1064 1304 1315 1352 intellegitur.
1344 1304 1433 1352 quid
1474 1304 1608 1343 mirum
1650 1307 1715 1344 est

178 1359 343 1397 saeculis
385 1359 682 1398 decurrentibus
722 1357 902 1397 infinitivi
942 1369 1051 1397 usum
1091 1361 1295 1406 tantopere
1351 1357 1622 1406 amplificat-uni
1670 1360 1714 1396 et

177 1413 420 1450 immutatum
449 1423 549 1462 esse,
578 1415 634 1461 ut,
662 1412 762 1450 unde
792 1414 897 1450 ortus
932 1415 1041 1450 esset
1082 1415 1123 1450 et
1163 1422 1261 1459 quae
1302 1411 1531 1459 primigenia
1571 1415 1714 1450 natura

178 1469 297 1512 esset,
326 1465 442 1513 plane
470 1465 510 1503 in
538 1465 767 1503 oblivionem
788 1463 967 1502 veniret?

285 1518 372 1556 Nec
413 1523 546 1556 tamen
587 1517 735 1556 iliorum
784 1517 1014 1565 sententiae,
1062 1517 1126 1564 qui
1172 1517 1381 1556 infinitivos
1427 1529 1503 1555 non
1552 1518 1710 1556 aliorum

177 1582 334 1608 casuum
362 1571 437 1609 nisi
465 1570 693 1609 nominativi
722 1574 763 1608 et
796 1570 1005 1608 accusativi
1040 1582 1195 1608 munere
1236 1570 1343 1619 fungi
1384 1582 1497 1619 posse
1539 1575 1713 1619 censent,

177 1624 407 1662 accedimus.
436 1635 525 1662 nam
554 1635 780 1672 quamquam
809 1624 1010 1661 verborum
1053 1623 1227 1672 plurima,
1269 1624 1488 1671 quibuscum
1530 1623 1713 1663 infinitivi

177 1676 371 1714 coniuncti
400 1680 505 1725 sunt,
533 1676 687 1724 proprio
716 1688 832 1714 sensu
860 1676 1068 1714 transitiva
1094 1675 1354 1724 intellegenda
1382 1681 1485 1722 sunt,
1513 1681 1643 1715 tamen
1672 1678 1712 1715 in

176 1728 237 1777 iis,
268 1740 367 1776 quae
396 1741 588 1777 nunquam
630 1728 792 1768 nominis
833 1728 1092 1767 accusativum
1133 1733 1285 1777 regunt,
1325 1729 1585 1780 inveniuntur,
1628 1730 1713 1769 dico

175 1783 300 1820 verba
341 1783 557 1820 desistendi
598 1786 639 1820 et
679 1782 938 1831 assuescendi,
982 1793 1079 1829 quae
1122 1783 1239 1821 etiam
1280 1794 1304 1821 a
1345 1791 1484 1832 prosae
1526 1783 1712 1823 orationis

177 1835 429 1883 scriptoribus
479 1847 632 1884 semper
673 1847 755 1873 cum
797 1835 985 1873 infinitivo
1027 1836 1227 1874 coniuncta
1268 1840 1369 1875 sunt.
1412 1849 1495 1875 cum
1538 1848 1629 1875 vero
1670 1838 1712 1887 ii,

178 1888 314 1936 quibus
355 1888 424 1927 illa
465 1889 685 1937 explicandi
726 1888 827 1927 ratio
861 1888 1002 1937 placet,
1044 1889 1095 1927 ad
1127 1893 1326 1936 poetarum
1359 1890 1477 1929 libros
1512 1891 1712 1940 accedunt,

176 1942 216 1979 in
258 1941 394 1987 quibus
437 1941 555 1980 etiam
597 1940 752 1989 saepius
794 1953 905 1987 quam
946 1941 987 1979 in
1028 1941 1154 1979 soluta
1195 1942 1368 1980 oratione
1407 1942 1619 1982 infinitivus
1662 1955 1713 1982 ex

175 1993 390 2032 nominibus
433 2006 516 2033 cum
557 1994 676 2033 verbo
724 1993 966 2032 substantivo
1014 1993 1249 2033 similibusve
1296 1994 1507 2035 coniunctis
1552 1997 1711 2048 pendet,

177 2046 445 2086 difficultatem
478 2048 616 2086 tollere
660 2046 808 2086 frustra
848 2050 1046 2086 conantur.
1092 2046 1322 2087 infinitivum
1363 2049 1464 2087 enim
1497 2061 1519 2088 e
1560 2051 1712 2089 nomine

177 2104 219 2138 et
273 2100 393 2138 verbo
448 2100 571 2146 simul,
628 2110 727 2147 quae
782 2099 983 2138 coniuncta
1037 2100 1219 2148 simplicis
1272 2101 1384 2140 verbi
1437 2102 1515 2141 vim
1565 2097 1712 2142 habere

176 2152 415 2200 existimant,
470 2154 641 2201 pendere
697 2152 839 2201 dicunt,
894 2163 1007 2201 quam
1062 2153 1355 2201 explicationem
1408 2166 1483 2195 non
1538 2156 1712 2196 omnibus

174 2206 268 2244 locis
310 2205 488 2245 suffic-ere
528 2205 632 2244 infra
677 2205 902 2245 videbimus.
951 2206 1021 2245 sed
1069 2206 1245 2253 quoniam
1285 2206 1466 2247 infinitivi
1505 2209 1583 2248 vim
1625 2222 1712 2257 pro-

174 2258 297 2308 priam
326 2268 452 2306 neque
480 2257 709 2298 nominativi
749 2269 874 2307 neque
914 2258 1129 2298 accusativi
1170 2271 1256 2299 esse
1298 2262 1462 2311 constat,
1504 2273 1572 2302 cur
1612 2262 1712 2304 alius

175 2322 324 2360 quoque
352 2321 465 2351 casus
493 2321 651 2351 munere
680 2322 765 2351 eum
792 2311 901 2361 fungi
927 2323 1042 2362 posse
1070 2323 1145 2352 non
1173 2313 1420 2354 conceditur?
1444 2315 1539 2355 mihi
1558 2315 1710 2364 quidem

173 2366 213 2402 in
241 2365 506 2414 grammaticis
534 2366 650 2404 rebus
679 2365 914 2414 explicandis
953 2365 1205 2416 opinionibus,
1247 2366 1466 2417 priusquam
1509 2369 1561 2409 ad
1601 2369 1712 2420 ipsas

173 2429 239 2457 res
266 2418 509 2468 accesserim,
539 2418 736 2466 conceptis
765 2419 851 2457 duci
879 2419 1069 2469 displicet,
1098 2420 1169 2459 sed
1200 2421 1380 2469 cuiusque
1421 2422 1480 2461 rei
1520 2423 1712 2464 rationem

173 2472 478 2521 cognoscendam
506 2483 594 2511 esse
623 2470 814 2511 existimo.
842 2471 962 2521 ipsius
989 2472 1111 2522 igitur
1137 2474 1323 2513 sermonis
1356 2475 1491 2515 Latini
1531 2480 1715 2518 naturam

173 2526 309 2564 ducem
337 2525 448 2573 sequi
474 2528 595 2574 atque
622 2525 696 2564 hoc
729 2525 978 2566 fundamento
1019 2526 1101 2565 nixi
1128 2526 1378 2569 difficultates
1420 2529 1558 2569 tollere
1599 2540 1713 2571 cona·

172 2579 309 2617 bimur.
339 2589 416 2626 qua
442 2578 482 2617 in
511 2589 567 2627 re,
597 2589 694 2626 quas
722 2578 820 2617 alias
849 2582 1067 2618 structuras
1095 2580 1218 2619 verba
1244 2584 1286 2620 et
1311 2581 1478 2634 nomina,
1506 2594 1556 2622 ex
1574 2575 1712 2634 quibus

171 2630 387 2671 infinitivus
413 2631 571 2680 pendet,
601 2631 780 2681 excipere
809 2632 972 2682 soleant,
1014 2633 1223 2673 observare
1265 2637 1307 2674 et
1347 2635 1385 2675 in
1428 2636 1553 2688 dubiis
1593 2639 1712 2681 rebus
1759 2656 1786 2684 ς
