1935 2884
1590 1 1597 5 ·
1657 8 1675 21 ·-
1696 2 1709 25 τ
1729 0 1736 18 1
1759 0 1824 30 “affe-2·
1851 27 1855 30 .

1708 42 1710 45 -
1776 31 1861 52 stirs».

871 54 935 87 -·>÷
969 40 1128 87 24·ae-

138 180 140 182 .
218 145 323 187 idem
350 146 571 196 compositis
599 147 788 187 concedit.
816 147 877 187 cui
903 147 977 186 Kr.
1007 156 1045 195 p.
1075 151 1137 186 34.
1180 144 1428 184 adversatur.
1464 142 1500 183 is
1542 142 1645 183 enim
1672 152 1781 189 cosm

220 199 354 248 plures
394 200 498 240 locos
538 200 789 249 Vergilianos
832 199 1038 249 congessit,
1080 210 1129 239 ex
1157 197 1293 247 quibus
1329 196 1534 237 recusandi
1574 196 1772 236 notionem

218 252 391 302 negandi
419 254 540 294 verbo
568 253 700 293 inesse
727 263 842 302 posse
872 252 1048 293 efficitur.
1076 251 1340 300 suffragantur
1366 250 1408 289 hi
1434 247 1621 291 Ovidiani
1646 249 1743 289 loci:

219 318 259 346 a.
287 307 348 356 H,
366 311 429 357 15,
462 312 509 346 19
539 306 704 347 Ovidius
734 318 778 346 se
805 307 958 346 anulum
986 305 1130 345 factum
1159 304 1307 344 amicae
1333 303 1492 343 missum
1520 314 1609 343 esse
1635 303 1770 352 fingit:

222 360 258 398 si
284 360 419 409 dabor,
448 364 492 399 ut
518 360 663 398 condar
688 360 834 409 loculis,
864 359 991 399 exire
1019 357 1217 407 negabo.

221 424 259 451 a.
288 424 325 452 a.
354 413 505 462 II,243
536 412 569 451 si
597 412 669 451 tibi
689 422 759 461 per
777 416 901 452 tutum
920 411 1147 460 planumque
1172 409 1428 459 negabitur
1454 409 1543 459 ire,
1571 420 1603 448 s.
1632 411 1772 448 neutro

221 465 305 504 loco
338 463 483 515 „nego“
514 466 676 505 verbum
696 466 847 505 dicendi
866 469 937 505 est.
957 464 1162 504 recusandi
1181 464 1301 513 igitur
1325 463 1520 502 notionem
1541 462 1601 501 his
1622 473 1781 510 quoque.

222 518 317 558 locis
345 520 505 558 subesse
533 522 649 567 puto:

223 575 315 611 met.
344 572 401 622 X,
417 576 494 611 323
1193 570 1411 610 damnare
1439 571 1643 618 negaret

484 625 586 664 hanc
612 636 794 665 venerem
822 625 958 673 pietas.

222 681 314 717 met.
344 678 464 728 XIV,
481 684 558 718 250
587 679 656 717 ire
684 679 981 727 negabamus.

223 731 270 770 F.
298 732 350 779 V,
368 736 444 770 650
588 731 747 771 comites
775 731 923 780 longius
949 730 1019 769 ire
1047 734 1241 779 negant.

224 784 307 823 her.
336 785 418 829 HI,
434 789 485 823 40
586 796 686 833 quae
714 786 808 823 dare
836 785 1035 833 debueras,
1063 783 1280 832 accipere
1307 782 1375 822 illa
1401 794 1561 832 negas.

224 838 270 876 P.
300 838 383 887 III,
400 842 435 887 6,
465 843 515 876 20
589 849 671 887 nec,
701 838 791 885 quia
818 838 1021 885 Neptunus
1048 848 1187 876 navem
1214 837 1411 875 lacerarat
1439 836 1567 876 Ulixis

587 891 812 929 Leucothee
840 890 947 928 nanti
975 889 1079 927 ferre
1108 890 1270 938 negavit
1297 900 1421 938 opem.

223 945 422 982 cunctor
450 941 540 990 (Dr.
561 953 597 992 p.
619 948 710 993 326,
739 944 813 983 Kr.
843 948 891 982 37
912 943 959 992 s.)
980 943 1141 984 Ovidius
1162 943 1400 994 Ciceronem,
1422 942 1648 984 Sallustium
1666 942 1768 985 Ver-

223 997 357 1045 gilium
387 1001 543 1036 secutus
572 1009 645 1036 uno
673 998 753 1036 loco
782 1009 865 1036 cum
892 996 957 1036 inf.
986 997 1125 1045 posuit.

224 1051 270 1088 P.
299 1051 374 1099 IV,
393 1054 454 1099 14,
487 1055 534 1089 19
564 1062 657 1099 ergo
686 1061 770 1099 ego,
799 1062 847 1089 ne
876 1050 1051 1100 scribam,
1080 1050 1222 1099 digitos
1250 1050 1464 1089 incidere
1493 1048 1715 1096 cufinctor?

225 1113 381 1152 cesso,
411 1114 484 1150 quo
514 1114 563 1141 ex
590 1104 710 1143 verbo
738 1113 800 1150 ap.
842 1104 1032 1153 Plautum,
1067 1103 1246 1154 Ennium,
1280 1103 1377 1142 alios
1405 1103 1473 1143 inf.
1502 1103 1660 1153 pendet,
1704 1112 1771 1151 ap.

225 1155 408 1195 Ovidium
437 1156 616 1195 occurrit.
646 1168 683 1195 v.
713 1157 788 1195 Kr.
817 1166 853 1203 p.
885 1161 945 1195 37.

224 1219 270 1258 P.
300 1219 380 1267 III,
397 1222 434 1267 4,
464 1224 513 1258 95
543 1219 634 1268 quid
661 1230 821 1258 cessas
850 1231 997 1258 currum
1025 1230 1275 1268 pompamque
1303 1230 1471 1268 parare
1499 1219 1732 1269 triumphis?

224 1272 270 1312 F.
300 1272 374 1311 VI.
392 1276 468 1310 675
499 1272 589 1320 quid
616 1283 777 1311 cessas
805 1272 979 1311 convivia
1007 1272 1219 1312 solvere?

223 1346 372 1376 moror
400 1334 490 1384 (Dr.
519 1345 556 1383 p.
587 1340 677 1386 326,
705 1337 780 1375 Kr.
809 1346 845 1383 p.
875 1335 941 1387 35)
971 1336 1134 1377 Ovidius
1162 1337 1356 1387 Plautum,
1403 1337 1629 1378 Ciceronem
1671 1338 1767 1379 alios

226 1392 384 1429 secutus
413 1400 497 1428 cum
525 1388 595 1427 inf.
624 1390 763 1436 posuit.
792 1391 891 1428 Hor.
921 1400 980 1438 ep.
1009 1391 1129 1440 XVI,
1146 1395 1208 1429 24.
1238 1391 1312 1431 Ov.
1341 1402 1378 1430 a.
1420 1392 1454 1441 Ι,
1472 1396 1534 1441 11,
1577 1395 1640 1431 25.
1683 1392 1766 1431 her.

224 1442 328 1491 ΧΠ,
347 1446 434 1481 186.
461 1444 553 1480 met.
583 1443 710 1491 XIII,
741 1447 833 1482 531.

223 1506 307 1548 her.
336 1506 441 1556 XII,
460 1511 534 1544 186
563 1517 635 1545 nec
662 1518 811 1546 moror
837 1511 928 1546 ante
955 1511 1043 1547 tuos
1072 1508 1373 1555 procubuisse
1401 1509 1533 1557 pedes.

223 1569 402 1609 dubito.
432 1569 480 1606 de
509 1569 581 1608 hoc
607 1570 725 1607 verbo
753 1570 825 1608 Dr.
854 1580 891 1618 p.
921 1576 995 1609 327
1031 1571 1126 1609 dicit
1170 1572 1323 1619 „dubito
1364 1572 1580 1611 Bedenken
1625 1576 1767 1623 tragen

222 1621 296 1662 hat
322 1621 449 1662 selteu
478 1621 517 1660 in
545 1620 803 1662 affirmativer
830 1623 1072 1673 Bedeutung,
1114 1624 1244 1673 haufig
1284 1624 1324 1664 in
1360 1625 1644 1666 verneinender
1687 1627 1767 1667 und

224 1674 438 1723 fragender
465 1675 582 1714 Form
610 1675 685 1713 deu
713 1675 866 1714 blossen
893 1676 1000 1715 Jnf.“
1033 1677 1247 1717 Ovidianus
1281 1678 1433 1725 quidem
1466 1690 1559 1718 usus
1594 1682 1657 1719 est
1684 1681 1768 1728 hic;

222 1727 263 1765 in
290 1726 537 1775 negativis
567 1727 777 1766 enuntiatis
797 1729 962 1769 occurrit
988 1733 1080 1769 met.
1104 1731 1154 1779 V,
1171 1735 1261 1779 282,
1296 1731 1375 1780 IX,
1393 1737 1482 1771 699.
1511 1733 1639 1782 ΧΠΙ,
1658 1738 1693 1772 7.
1728 1745 1765 1773 a.

221 1780 257 1827 Ι,
277 1784 312 1828 7,
343 1784 405 1818 64.
435 1791 471 1817 a.
500 1790 536 1818 a.
564 1780 706 1829 1,343.
737 1786 825 1819 584.
854 1783 1017 1829 11,211.
1046 1783 1092 1821 P.
1120 1784 1154 1832 Ι,
1172 1789 1207 1832 8,
1238 1789 1287 1822 59
1314 1785 1426 1834 11,2‚
1462 1790 1525 1824 39.
1559 1786 1659 1825 med.
1695 1791 1767 1826 69.

221 1833 269 1874 F.
298 1833 380 1880 III,
399 1836 487 1871 699.
518 1832 620 1877 (Tib.
649 1833 684 1882 I,
701 1837 738 1882 2,
769 1839 831 1871 83.
866 1835 980 1883 Prop.
1009 1836 1090 1883 111,
1108 1840 1143 1885 4,
1189 1835 1267 1885 73).
1312 1836 1353 1876 in
1393 1837 1768 1887 interrogativis

222 1896 284 1923 en.
312 1888 405 1923 met.
434 1885 561 1934 XIII,
580 1890 666 1924 169.
696 1886 779 1925 her.
807 1887 904 1935 VII,
922 1892 1009 1927 125.
1038 1889 1117 1937 IX,
1136 1893 1223 1928 146.
1261 1894 1348 1929 152.
1386 1895 1475 1930 158.
1514 1896 1602 1931 164.
1638 1893 1768 1943 XIX,

221 1941 313 1981 234.
357 1938 403 1979 P.
432 1938 515 1987 III,
532 1942 567 1985 9,
600 1942 660 1977 19.
703 1941 753 1977 tr.
787 1940 844 1989 Π,
861 1944 948 1980 442.
990 1942 1058 1981 Jb.
1096 1946 1182 1981 103.
1224 1943 1271 1983 P.
1313 1944 1371 1994 ΙΙ,
1387 1949 1424 1994 2,
1469 1949 1504 1984 6.
1549 1945 1651 1994 quod
1690 1947 1765 1986 Dr.

221 1990 403 2030 dubitare
430 1990 471 2031 in
514 1990 813 2032 affirmativis
847 2004 906 2032 en.
934 1997 1028 2035 ante
1057 1995 1232 2035 Curtium
1259 2008 1344 2036 cum
1375 1997 1443 2037 inf.
1477 1998 1644 2047 positum
1677 2011 1768 2040 esse

219 2047 356 2093 negat,
385 2043 446 2083 his
474 2044 679 2084 Ovidianis
706 2045 800 2084 locis
826 2047 1089 2097 redarguitur:
1118 2061 1154 2088 a.
1181 2051 1216 2099 I,
1235 2054 1297 2100 11,
1327 2056 1363 2091 5.
1391 2052 1473 2102 ΠΙ,
1492 2056 1554 2103 14,
1584 2058 1648 2092 36.
1677 2053 1765 2093 her.

219 2097 296 2146 IV,
315 2102 376 2136 13.
405 2108 441 2137 a.
472 2108 507 2138 a.
536 2098 594 2146 ΙΙ,
612 2102 702 2139 222.
730 2098 824 2137 re‘m.
855 2104 942 2139 520.
971 2104 1022 2141 tr.
1050 2102 1086 2151 I,
1105 2106 1139 2153 1,
1169 2107 1232 2142 95.

219 2172 256 2203 a.
285 2172 321 2201 a.
350 2161 504 2211 II,222
532 2160 546 2199 i
573 2172 674 2202 nunc
701 2164 743 2202 et
770 2162 928 2203 dubita
953 2164 1097 2216 ferre,
1125 2166 1224 2215 quod
1250 2166 1316 2207 ille
1344 2168 1447 2208 tulit.

975 2261 1006 2290 c.

206 2321 309 2358 oro.
339 2319 648 2368 antiquissimum
675 2320 743 2359 inf.
773 2323 984 2371 exemplum
1011 2325 1083 2364 Dr.
1112 2337 1150 2374 p.
1180 2330 1271 2366 310.
1299 2326 1433 2368 Plaut.
1458 2327 1536 2368 mil.
1565 2328 1618 2378 gl.
1657 2307 1766 2369 1465
1829 2356 1835 2365 ,

216 2372 366 2414 laudat.
395 2372 471 2413 Ov.
500 2376 657 2411 secutus
686 2376 749 2413 est
775 2377 866 2413 met.
895 2377 968 2426 VI,
998 2381 1075 2417 413

477 2436 676 2467 oravere
704 2438 794 2468 suos
821 2427 893 2468 ire
921 2431 970 2470 ad
997 2431 1144 2472 solacia
1170 2432 1289 2483 regis.

215 2490 327 2529 rogo
355 2491 432 2518 non
459 2479 581 2519 solum
615 2492 679 2529 ap.
709 2481 901 2521 Catullum
943 2489 1007 2534 35,
1039 2489 1100 2525 10.
1141 2486 1374 2528 infinitivum
1415 2488 1575 2540 excipit,
1614 2492 1660 2529 ut
1685 2490 1763 2529 Dr.

214 2544 254 2581 p.
284 2536 367 2571 310
391 2532 589 2583 opinatur,
614 2533 684 2572 sed
712 2533 830 2573 etiam
858 2546 919 2584 ap.
948 2537 1026 2586 Ov,
1052 2538 1135 2577 her.
1163 2540 1238 2589 VI,
1270 2544 1359 2580 144.

475 2584 660 2629 hiscere
686 2596 824 2635 nempe
851 2588 922 2627 tibi
948 2592 1057 2631 terra
1084 2593 1290 2641 roganda
1315 2592 1422 2634 fuit.

214 2649 365 2691 pesco,
394 2649 433 2679 v.
463 2638 536 2680 Dr.
570 2650 608 2689 p.
651 2643 741 2678 311.
770 2640 846 2680 Kr.
887 2652 926 2690 p.
968 2647 1034 2682 26.
1062 2644 1224 2685 Ovidius
1257 2645 1589 2693 fortassePIauti
1621 2646 1766 2697 (Poen.
