1935 2884
220 149 273 188 tr.
300 147 354 198 V,
371 151 410 198 5,
429 151 493 186 20.
617 147 786 195 erepta
803 142 910 184 haec
935 141 1004 184 uni
1029 143 1094 183 sit
1119 141 1240 182 satis
1267 152 1372 181 esse
1398 130 1504 180 mihi'i.
1568 179 1571 182 .

330 200 519 246 Omnibus
559 197 720 248 reliquis
759 197 855 238 locis
895 196 1163 238 accusativum
1202 197 1348 235 mente
1381 189 1633 244 supplendum
1679 200 1768 231 esse
1850 168 1935 244 ’ῃ

205 254 413 294 existimo.
442 254 519 293 iam
546 252 681 293 comici
707 251 808 291 enim
835 253 989 301 poetae,
1011 255 1062 290 ut
1089 261 1138 289 ex
1160 248 1366 299 exemplis,
1394 258 1495 297 quae
1518 246 1592 285 Dr.
1619 257 1664 299 p„
1688 246 1767 284 414

221 310 265 346 et
291 308 368 347 Kr.
396 319 435 356 p.
464 312 515 346 93
544 305 776 355 attulerunt,
810 306 988 353 apparet,
1021 302 1256 353 pronominis
1297 300 1572 350 accusativum,
1613 298 1680 339 ubi
1721 307 1767 337 eo

220 361 357 411 verbo,
385 372 435 399 ex
463 371 537 408 quo
565 359 764 408 pendebat
790 356 1017 406 infinitivus,
1046 357 1303 405 indicabatur,
1344 355 1568 394 omiserunt.
1610 364 1687 400 qua
1726 351 1768 391 in

220 424 267 452 re
293 425 371 452 non
397 414 639 454 Graecorum
664 422 821 460 morem,
850 411 919 449 sed
946 420 1164 449 sermonem
1182 408 1383 458 vulgarem
1402 419 1468 447 eos
1497 408 1650 447 secutos
1678 414 1767 447 esse

220 466 432 505 verisimile
460 468 535 505 est.
563 464 629 514 qui
655 475 747 503 usus
774 463 864 503 inde
891 474 916 502 a
949 463 1147 503 Ciceronis
1183 461 1419 511 temporibus
1456 460 1576 500 etiam
1608 457 1768 498 liberior

223 518 311 559 fieri
337 519 480 570 coepit,
506 521 551 558 ut
578 516 762 558 infinitivi
788 516 1002 556 subiectum
1028 528 1104 556 non
1132 515 1253 556 solum
1295 515 1554 568 omitteretur,
1595 512 1631 552 si
1670 511 1767 563 eius,

226 584 278 612 ex
305 573 407 622 quod
434 572 633 623 pendebat
659 570 885 620 infinitivus,
913 570 1028 610 verbi
1053 570 1178 609 forma
1219 570 1511 619 ostendebatur,
1544 567 1615 608 sed
1648 566 1768 606 etiam

225 638 511 676 nonnunquam,
526 626 561 667 si
575 628 761 665 contextu
774 624 959 663 orationis
974 624 1058 673 ipso
1069 623 1246 672 intellegi
1258 626 1427 672 poterat.
1442 625 1560 670 atque
1572 620 1769 661 ovidiana

221 680 373 729 quidem
401 679 579 730 exempla
606 678 705 719 satis
733 678 855 718 multa
881 677 1029 728 collegi,
1058 689 1109 717 ex
1136 677 1272 726 quibus
1299 688 1426 726 pauca
1453 675 1626 716 afferam.

220 748 313 784 met.
341 746 376 794 Ι,
394 748 471 783 615
608 743 789 792 Iuppiter
816 754 839 781 e
867 746 974 781 terra
1001 743 1175 791 genitam
1202 741 1389 780 mentitur
1416 740 1550 791 (eam).

220 801 314 837 met.
343 798 425 847 IX,
443 801 520 836 258
610 797 682 835 sed
709 794 1046 846 (eum)'meruisse
1074 794 1157 845 (ea)
1186 794 1272 833 dari
1299 793 1410 833 sciet.

220 862 258 890 a.
287 852 322 897 Ι,
343 855 406 900 13,
436 855 483 889 47
610 850 730 889 scires
759 848 877 899 (eam)
906 849 1074 888 audisse.

220 916 257 943 a.
286 905 346 948 II.
363 909 399 953 7,
429 908 452 942 8
608 903 643 942 si
669 902 793 952 culpo,
822 902 963 941 crimen
994 900 1089 952 (me)
1118 900 1362 940 dissimulare
1389 903 1519 949 putas.

222 958 307 997 her.
336 958 464 1003 XIX,
482 962 531 996 89
610 956 676 995 ubi
702 956 848 996 videris
876 955 970 1006 (me)
999 956 1126 995 omnia
1153 954 1269 994 ferre.

221 1023 260 1049 a.
288 1023 324 1050 a.
354 1012 389 1059 Ι,
406 1014 483 1048 372
612 1008 787 1058 (ancilla)
816 1009 949 1047 insano
978 1009 1083 1047 iuret
1110 1019 1240 1046 amore
1269 1006 1344 1057 (te)
1373 1006 1480 1046 mori.

328 1076 413 1103 cum
439 1063 561 1112 igitur
587 1062 769 1102 infinitivi
797 1062 1008 1103 subiectum
1036 1074 1060 1101 a
1097 1061 1221 1111 verbi,
1250 1061 1350 1109 quod
1371 1060 1495 1099 .illum
1537 1061 1766 1112 recipiebat,

220 1117 395 1157 subiecto
425 1117 621 1156 diversum
647 1119 777 1155 mente
805 1116 973 1164 suppleri
1000 1118 1147 1165 posset,
1177 1115 1268 1163 quid
1302 1114 1439 1153 mirum
1479 1114 1581 1153 idem
1621 1115 1767 1155 factum

220 1182 322 1221 esse,
350 1170 385 1210 si
412 1170 588 1209 subiecta
616 1168 902 1218 congruebant?

327 1235 416 1273 Iam
444 1233 622 1282 quoniam
658 1233 931 1273 infinitivorum
961 1233 1151 1282 exempla,
1172 1233 1236 1281 qui
1264 1232 1367 1281 apud
1385 1232 1566 1273 Ovidium
1595 1236 1767 1282 exstant,

220 1287 411 1337 congessi,
439 1290 580 1337 restat,
609 1289 664 1336 ut,
694 1286 758 1335 qui
786 1286 865 1325 sint
891 1287 1043 1326 dicendi
1084 1299 1175 1326 usus
1204 1286 1335 1327 Ovidii
1376 1286 1534 1336 proprii,
1577 1286 1641 1334 qui
1683 1298 1767 1326 cum

219 1341 309 1380 aliis
337 1340 590 1389 scriptoribus
619 1352 848 1387 communeS,
868 1352 940 1379 uno
959 1341 1000 1379 in
1028 1344 1237 1389 conspectu
1264 1351 1415 1388 ponam.
1449 1340 1489 1378 id
1523 1351 1599 1379 non
1633 1343 1768 1389 potest

219 1395 279 1433 ita
305 1394 404 1443 fieri,
432 1397 488 1443 ut,
518 1404 617 1441 quae
645 1405 729 1432 cum
757 1393 897 1433 ceteris
927 1394 1180 1442 scriptoribus
1222 1405 1298 1432 non
1341 1393 1598 1443 consentiunt,
1640 1393 1768 1432 omnia

219 1448 260 1487 in
288 1447 455 1486 medium
481 1446 696 1495 proferam
725 1446 845 1485 affero
872 1447 991 1495 igitur
1025 1458 1073 1485 ea
1113 1449 1277 1494 tantum,
1319 1457 1418 1493 quae
1460 1458 1485 1485 a
1513 1446 1767 1486 Ciceroniano

218 1500 410 1539 recedunt
437 1499 591 1538 dicendi
618 1511 700 1538 usu.
731 1499 906 1547 quoniam
936 1503 1067 1538 autem
1095 1511 1144 1538 ex
1169 1499 1500 1539 substantivorum
1519 1499 1767 1538 nominativis

219 1564 307 1592 cum
334 1553 455 1592 verbo
488 1552 735 1591 substantivo
763 1556 833 1590 aut
860 1553 972 1591 simili
1001 1552 1212 1591 coniunctis
1241 1553 1343 1600 apud
1385 1564 1515 1591 omnes
1556 1552 1769 1602 scriptores

217 1605 437 1646 infinitivus
453 1605 610 1655 pendet,
626 1616 676 1644 ne
692 1617 739 1644 ea
754 1606 903 1653 quidem
919 1606 1179 1655 substantiva,
1195 1617 1293 1653 quae
1301 1606 1464 1646 Ovidius
1478 1606 1623 1655 primus
1637 1606 1768 1655 posuit

217 1671 304 1699 cum
330 1660 432 1699 nudo
460 1658 665 1708 infinitivo,
693 1659 825 1697 affero.
861 1660 937 1698 tria
962 1659 1082 1707 igitur
1100 1659 1375 1698 infinitivorum
1400 1670 1549 1708 genera
1576 1659 1766 1709 discerno,

220 1724 380 1761 quorum
409 1712 574 1761 primum
601 1712 642 1750 id
669 1715 744 1761 est,
764 1712 830 1759 qui
848 1713 950 1760 apud.
969 1712 1150 1753 Ovidium
1168 1712 1329 1760 primum
1350 1715 1569 1762 occurrunt,
1588 1713 1769 1763 alterum,

218 1765 285 1805 ubi
312 1765 572 1813 antiquiorum
601 1764 842 1813 scriptorum,
871 1765 1028 1804 tertium
1057 1766 1120 1804 ubi
1140 1765 1357 1813 aequalium
1381 1777 1554 1804 normam
1582 1777 1630 1804 ac
1648 1765 1767 1804 ratio-

217 1830 306 1862 nem
349 1818 537 1866 sequitur.
579 1816 619 1856 in
660 1817 721 1856 his
764 1821 892 1856 autem
934 1821 1071 1866 poetas
1113 1818 1338 1866 Augusteos
1380 1821 1422 1857 et
1462 1818 1615 1857 Livium
1659 1819 1767 1868 duco,

217 1874 398 1911 auctores
426 1870 518 1909 belli
545 1869 806 1910 Alexandrini
834 1873 875 1909 et
901 1869 1082 1910 Africani
1101 1874 1142 1910 et
1160 1871 1383 1911 Sallustium
1409 1871 1450 1910 in
1472 1871 1766 1920 antiquioribus.

216 1925 362 1972 quain
389 1936 433 1963 re
461 1923 530 1963 vix
558 1926 632 1973 est,
661 1924 761 1971 quod
797 1935 983 1973 moneam,
1025 1924 1110 1963 fieri
1150 1936 1277 1974 posse,
1319 1928 1364 1964 ut
1404 1925 1588 1964 nonnulla
1629 1926 1766 1975 verba,

216 1989 318 2025 quae
346 1976 512 2018 Ovidius
541 1977 686 2025 primus
715 1988 799 2015 cum
840 1976 1030 2017 infinitivo
1072 1978 1182 2017 nobis
1223 1978 1381 2018 videtur
1422 1978 1680 2029 coniunxisse,
1722 1989 1768 2018 re

215 2042 314 2071 vera
342 2031 420 2070 iam
447 2030 488 2069 in
516 2030 677 2069 aliorum
704 2030 932 2079 scriptorum
952 2031 1061 2070 libris
1081 2031 1293 2080 deperditis
1314 2044 1398 2071 cum
1418 2031 1610 2072 infinitivo
1638 2032 1769 2081 posita

215 2085 308 2124 sint.
337 2083 488 2124 numeri
516 2087 558 2122 et
585 2083 756 2133 litterae,
792 2095 889 2132 quae
923 2084 1055 2124 verbis
1095 2085 1301 2134 praeposui
1341 2085 1393 2125 ad
1433 2086 1767 2127 commentationis

215 2138 350 2189 capita
378 2139 574 2187 spectant.
603 2139 814 2186 praeterea
842 2149 940 2186 quae
968 2139 1090 2178 verba
1117 2139 1280 2180 Ovidius
1299 2151 1397 2179 unus
1416 2151 1465 2179 ex
1483 2140 1611 2189 poetis
1630 2140 1767 2190 Augu-

214 2193 313 2232 steis
342 2203 428 2231 cum
454 2190 647 2230 infinitivo
674 2190 805 2239 posuit
830 2192 1028 2231 asteriscis
1061 2193 1250 2240 appositis
1295 2193 1442 2242 notavi,
1484 2193 1595 2232 tertii
1635 2197 1768 2232 autem

211 2244 371 2294 generis
401 2244 536 2293 verba,
564 2246 620 2292 ut,
649 2254 674 2281 a
703 2254 776 2290 quo
811 2244 999 2293 scriptore
1039 2245 1161 2293 primo
1203 2257 1286 2285 cum
1327 2245 1519 2286 infinitivo
1561 2246 1768 2286 coniuncta

212 2298 306 2348 sint,
334 2300 541 2348 appareat,
569 2296 784 2336 initialibus
811 2296 954 2338 litteris
974 2298 1083 2338 uncis
1100 2298 1258 2340 inclusis
1276 2299 1458 2349 indicavi,
1483 2300 1608 2340 veluti
1628 2300 1768 2349 scripsi

215 2352 351 2400 „doleo
381 2351 502 2401 (H)“,
532 2350 571 2389 h.
601 2361 635 2388 e.
663 2350 856 2390 Horatius
882 2351 1028 2400 primus
1063 2352 1224 2392 verbum
1252 2353 1408 2392 dolendi
1448 2364 1534 2392 cum
1574 2352 1767 2393 infinitivo
1797 2358 1799 2360 '

209 2404 354 2455 posuit.

317 2478 442 2528 :Apud
470 2478 654 2519 Ovidium
681 2478 843 2527 primum
870 2479 1084 2520 infinitivus
1113 2492 1163 2519 ex
1190 2480 1252 2521 his
1283 2486 1358 2520 108
1387 2481 1520 2522 verbis
1548 2481 1712 2531 pendet:

253 2545 290 2596 Ι,
305 2555 347 2593 a,
366 2548 401 2584 1.
431 2541 638 2592 opprobrio
655 2545 730 2583 est.
1097 2545 1133 2596 I,
1154 2556 1191 2595 a,
1208 2548 1244 2584 1.
1272 2545 1312 2585 in
1340 2557 1485 2585 morem
1513 2545 1636 2586 venit.

432 2597 572 2636 damno
601 2598 677 2636 est.
1205 2603 1243 2637 2.
1269 2598 1310 2638 in
1338 2598 1446 2642 facili
1471 2601 1546 2639 est.

429 2650 472 2693 in
499 2648 595 2691 fatis
624 2652 699 2690 est.
1106 2666 1115 2669 -
1140 2677 1151 2685 -.
1203 2656 1240 2691 3.
1268 2651 1418 2702 aliquid
1431 2655 1507 2694 est.
