<?xml version="1.0" encoding="UTF-8"?>
<!DOCTYPE html PUBLIC "-//W3C//DTD XHTML 1.0 Transitional//EN"
    "http://www.w3.org/TR/xhtml1/DTD/xhtml1-transitional.dtd">
<html xmlns="http://www.w3.org/1999/xhtml" xml:lang="en" lang="en">
 <head>
  <title>
</title>
<meta http-equiv="Content-Type" content="text/html;charset=utf-8" />
  <meta name='ocr-system' content='tesseract 3.04.00' />
  <meta name='ocr-capabilities' content='ocr_page ocr_carea ocr_par ocr_line ocrx_word'/>
</head>
<body>
  <div class='ocr_page' id='page_1' title='image "./4623430_0046.png"; bbox 0 0 1935 2884; ppageno 0'>
   <div class='ocr_carea' id='block_1_1' title="bbox 0 0 186 59">
    <p class='ocr_par' dir='ltr' id='par_1_1' title="bbox 0 0 186 59">
     <span class='ocr_line' id='line_1_1' title="bbox 0 0 186 59; baseline 0 2825"><span class='ocrx_word' id='word_1_1' title='bbox 0 0 186 59; x_wconf 95' lang='lat' dir='ltr'><strong> </strong></span> 
     </span>
    </p>
   </div>
   <div class='ocr_carea' id='block_1_2' title="bbox 118 1833 1754 1894">
    <p class='ocr_par' dir='ltr' id='par_1_2' title="bbox 118 1833 1754 1894">
     <span class='ocr_line' id='line_1_2' title="bbox 118 1833 1754 1894; baseline 0.002 -23"><span class='ocrx_word' id='word_1_2' title='bbox 118 1889 124 1894; x_wconf 22' lang='grc' dir='ltr'><em>Δ</em></span> <span class='ocrx_word' id='word_1_3' title='bbox 200 1842 374 1881; x_wconf 80' lang='lat' dir='ltr'>precor.</span> <span class='ocrx_word' id='word_1_4' title='bbox 403 1833 618 1874; x_wconf 88' lang='lat' dir='ltr'><strong>accusativi</strong></span> <span class='ocrx_word' id='word_1_5' title='bbox 645 1846 729 1874; x_wconf 92' lang='lat' dir='ltr'><strong>cum</strong></span> <span class='ocrx_word' id='word_1_6' title='bbox 757 1834 824 1874; x_wconf 87' lang='lat' dir='ltr'><strong>inf.</strong></span> <span class='ocrx_word' id='word_1_7' title='bbox 854 1839 1053 1875; x_wconf 79' lang='lat' dir='ltr'><strong>structura</strong></span> <span class='ocrx_word' id='word_1_8' title='bbox 1081 1835 1221 1876; x_wconf 82' lang='lat' dir='ltr'><strong>Ovidio</strong></span> <span class='ocrx_word' id='word_1_9' title='bbox 1250 1847 1335 1875; x_wconf 90' lang='lat' dir='ltr'><strong>cum</strong></span> <span class='ocrx_word' id='word_1_10' title='bbox 1363 1835 1517 1875; x_wconf 83' lang='lat' dir='ltr'>Tibullo</span> <span class='ocrx_word' id='word_1_11' title='bbox 1546 1835 1754 1875; x_wconf 89' lang='lat' dir='ltr'><strong>communis</strong></span> 
     </span>
    </p>
   </div>
   <div class='ocr_carea' id='block_1_3' title="bbox 0 2550 1750 2657">
    <p class='ocr_par' dir='ltr' id='par_1_3' title="bbox 0 2550 1750 2657">
     <span class='ocr_line' id='line_1_3' title="bbox 0 2550 1750 2657; baseline 0.006 -42"><span class='ocrx_word' id='word_1_12' title='bbox 0 2550 96 2627; x_wconf 28' lang='grc' dir='ltr'><strong>’ζ’-ῃ</strong></span> <span class='ocrx_word' id='word_1_13' title='bbox 122 2587 134 2634; x_wconf 19' lang='grc' dir='ltr'><strong>ἱ·</strong></span> <span class='ocrx_word' id='word_1_14' title='bbox 157 2612 161 2615; x_wconf 56' lang='lat'><strong>.</strong></span> <span class='ocrx_word' id='word_1_15' title='bbox 202 2586 342 2626; x_wconf 85' lang='lat' dir='ltr'><strong>posco</strong></span> <span class='ocrx_word' id='word_1_16' title='bbox 371 2576 426 2627; x_wconf 85' lang='lat' dir='ltr'><strong>(v.</strong></span> <span class='ocrx_word' id='word_1_17' title='bbox 456 2579 533 2618; x_wconf 85' lang='lat' dir='ltr'><strong>Kr.</strong></span> <span class='ocrx_word' id='word_1_18' title='bbox 562 2589 599 2627; x_wconf 91' lang='lat' dir='ltr'><strong>p.</strong></span> <span class='ocrx_word' id='word_1_19' title='bbox 629 2579 698 2631; x_wconf 84' lang='lat'><strong>48)</strong></span> <span class='ocrx_word' id='word_1_20' title='bbox 727 2581 891 2622; x_wconf 85' lang='lat' dir='ltr'><strong>Ovidius</strong></span> <span class='ocrx_word' id='word_1_21' title='bbox 909 2577 1072 2622; x_wconf 78' lang='lat' dir='ltr'>Horatii</span> <span class='ocrx_word' id='word_1_22' title='bbox 1100 2586 1143 2622; x_wconf 87' lang='lat' dir='ltr'><strong>et</strong></span> <span class='ocrx_word' id='word_1_23' title='bbox 1160 2582 1331 2657; x_wconf 80' lang='lat' dir='ltr'>Vergilii</span> <span class='ocrx_word' id='word_1_24' title='bbox 1358 2582 1543 2631; x_wconf 81' lang='lat' dir='ltr'><strong>exemplo</strong></span> <span class='ocrx_word' id='word_1_25' title='bbox 1560 2593 1659 2631; x_wconf 71' lang='lat' dir='ltr'><strong>cum</strong></span> <span class='ocrx_word' id='word_1_26' title='bbox 1667 2590 1750 2642; x_wconf 55' lang='lat' dir='ltr'>m</span> 
     </span>
    </p>
   </div>
   <div class='ocr_carea' id='block_1_4' title="bbox 0 2673 1701 2769">
    <p class='ocr_par' dir='ltr' id='par_1_4' title="bbox 0 2673 1701 2769">
     <span class='ocr_line' id='line_1_4' title="bbox 0 2673 1701 2769; baseline 0.004 -47"><span class='ocrx_word' id='word_1_27' title='bbox 0 2673 29 2704; x_wconf 62' lang='grc'><strong>’·</strong></span> <span class='ocrx_word' id='word_1_28' title='bbox 64 2694 66 2696; x_wconf 91' lang='grc'><strong><em>·</em></strong></span> <span class='ocrx_word' id='word_1_29' title='bbox 105 2735 111 2739; x_wconf 80' lang='lat'><strong>.</strong></span> <span class='ocrx_word' id='word_1_30' title='bbox 165 2709 175 2728; x_wconf 51' lang='lat'><em>2</em></span> <span class='ocrx_word' id='word_1_31' title='bbox 202 2685 298 2723; x_wconf 86' lang='lat' dir='ltr'><strong>met.</strong></span> <span class='ocrx_word' id='word_1_32' title='bbox 325 2683 455 2734; x_wconf 79' lang='lat' dir='ltr'><strong>xm,</strong></span> <span class='ocrx_word' id='word_1_33' title='bbox 470 2688 548 2724; x_wconf 83' lang='lat'><strong>219</strong></span> <span class='ocrx_word' id='word_1_34' title='bbox 576 2697 651 2725; x_wconf 90' lang='lat' dir='ltr'><strong>non</strong></span> <span class='ocrx_word' id='word_1_35' title='bbox 680 2686 785 2726; x_wconf 89' lang='lat' dir='ltr'><strong>sinet</strong></span> <span class='ocrx_word' id='word_1_36' title='bbox 811 2687 884 2727; x_wconf 93' lang='lat' dir='ltr'><strong>hoc</strong></span> <span class='ocrx_word' id='word_1_37' title='bbox 902 2687 1011 2728; x_wconf 84' lang='lat' dir='ltr'><strong>Aiax</strong></span> <span class='ocrx_word' id='word_1_38' title='bbox 1028 2688 1309 2755; x_wconf 78' lang='lat' dir='ltr'><strong>delendaque</strong></span> <span class='ocrx_word' id='word_1_39' title='bbox 1325 2679 1557 2769; x_wconf 77' lang='lat' dir='ltr'><strong>Pergama</strong></span> <span class='ocrx_word' id='word_1_40' title='bbox 1577 2683 1701 2757; x_wconf 60' lang='lat' dir='ltr'><strong>pos</strong></span> 
     </span>
    </p>
   </div>
   <div class='ocr_carea' id='block_1_5' title="bbox 1364 0 1935 612">
    <p class='ocr_par' dir='ltr' id='par_1_5' title="bbox 1364 0 1935 612">
     <span class='ocr_line' id='line_1_5' title="bbox 1364 0 1935 338; baseline 0 0"><span class='ocrx_word' id='word_1_41' title='bbox 1364 0 1935 338; x_wconf 95' lang='lat' dir='ltr'><strong>   </strong></span> 
     </span>
     <span class='ocr_line' id='line_1_6' title="bbox 1744 338 1935 612; baseline 0 2272"><span class='ocrx_word' id='word_1_42' title='bbox 1744 338 1935 612; x_wconf 95' lang='lat' dir='ltr'><strong> </strong></span> 
     </span>
    </p>
   </div>
   <div class='ocr_carea' id='block_1_6' title="bbox 198 238 1754 422">
    <p class='ocr_par' dir='ltr' id='par_1_6' title="bbox 198 238 1754 422">
     <span class='ocr_line' id='line_1_7' title="bbox 198 238 1754 312; baseline -0.006 -4"><span class='ocrx_word' id='word_1_43' title='bbox 198 267 334 309; x_wconf 92' lang='lat' dir='ltr'><strong>Volo.</strong></span> <span class='ocrx_word' id='word_1_44' title='bbox 363 267 486 312; x_wconf 92' lang='lat' dir='ltr'><strong>nolo,</strong></span> <span class='ocrx_word' id='word_1_45' title='bbox 515 265 645 304; x_wconf 90' lang='lat' dir='ltr'><strong>malo.</strong></span> <span class='ocrx_word' id='word_1_46' title='bbox 676 276 724 303; x_wconf 88' lang='lat' dir='ltr'><strong>ex</strong></span> <span class='ocrx_word' id='word_1_47' title='bbox 753 265 814 303; x_wconf 86' lang='lat' dir='ltr'><strong>his</strong></span> <span class='ocrx_word' id='word_1_48' title='bbox 842 263 973 303; x_wconf 85' lang='lat' dir='ltr'><strong>verbis</strong></span> <span class='ocrx_word' id='word_1_49' title='bbox 993 263 1116 302; x_wconf 88' lang='lat' dir='ltr'><strong>nudus</strong></span> <span class='ocrx_word' id='word_1_50' title='bbox 1135 261 1358 302; x_wconf 85' lang='lat' dir='ltr'><strong>infinitivus</strong></span> <span class='ocrx_word' id='word_1_51' title='bbox 1369 238 1527 311; x_wconf 79' lang='lat' dir='ltr'><strong>pendet,</strong></span> <span class='ocrx_word' id='word_1_52' title='bbox 1550 258 1584 300; x_wconf 84' lang='lat' dir='ltr'><strong>si</strong></span> <span class='ocrx_word' id='word_1_53' title='bbox 1603 257 1754 299; x_wconf 84' lang='lat' dir='ltr'><strong>subiec-</strong></span> 
     </span>
     <span class='ocr_line' id='line_1_8' title="bbox 199 313 1753 368; baseline -0.005 -7"><span class='ocrx_word' id='word_1_54' title='bbox 199 323 282 360; x_wconf 83' lang='grc'>111111</span> <span class='ocrx_word' id='word_1_55' title='bbox 308 321 409 360; x_wconf 88' lang='lat' dir='ltr'><strong>idem</strong></span> <span class='ocrx_word' id='word_1_56' title='bbox 440 322 501 358; x_wconf 87' lang='lat' dir='ltr'><strong>est</strong></span> <span class='ocrx_word' id='word_1_57' title='bbox 530 318 629 367; x_wconf 87' lang='lat' dir='ltr'><strong>quod</strong></span> <span class='ocrx_word' id='word_1_58' title='bbox 648 316 843 368; x_wconf 85' lang='lat' dir='ltr'><strong>infinitivi,</strong></span> <span class='ocrx_word' id='word_1_59' title='bbox 863 316 1109 357; x_wconf 84' lang='lat' dir='ltr'><strong>accusativus</strong></span> <span class='ocrx_word' id='word_1_60' title='bbox 1138 328 1221 361; x_wconf 84' lang='lat' dir='ltr'><strong>cum</strong></span> <span class='ocrx_word' id='word_1_61' title='bbox 1241 315 1309 355; x_wconf 91' lang='lat' dir='ltr'><strong>inf.</strong></span> <span class='ocrx_word' id='word_1_62' title='bbox 1330 315 1365 355; x_wconf 91' lang='lat' dir='ltr'><strong>si</strong></span> <span class='ocrx_word' id='word_1_63' title='bbox 1383 314 1562 355; x_wconf 88' lang='lat' dir='ltr'><strong>subiecta</strong></span> <span class='ocrx_word' id='word_1_64' title='bbox 1580 313 1753 354; x_wconf 86' lang='lat' dir='ltr'><strong>variant.</strong></span> 
     </span>
     <span class='ocr_line' id='line_1_9' title="bbox 201 348 1529 422; baseline -0.005 -8"><span class='ocrx_word' id='word_1_65' title='bbox 201 386 279 422; x_wconf 89' lang='lat' dir='ltr'><strong>qua</strong></span> <span class='ocrx_word' id='word_1_66' title='bbox 308 387 332 413; x_wconf 87' lang='lat' dir='ltr'><strong>a</strong></span> <span class='ocrx_word' id='word_1_67' title='bbox 360 385 493 412; x_wconf 85' lang='lat' dir='ltr'><strong>norma</strong></span> <span class='ocrx_word' id='word_1_68' title='bbox 522 372 583 410; x_wconf 85' lang='lat' dir='ltr'><strong>his</strong></span> <span class='ocrx_word' id='word_1_69' title='bbox 611 372 706 410; x_wconf 89' lang='grc'>10013</span> <span class='ocrx_word' id='word_1_70' title='bbox 736 348 898 411; x_wconf 86' lang='lat' dir='ltr'><strong>Ovid⁷ius</strong></span> <span class='ocrx_word' id='word_1_71' title='bbox 927 370 1202 409; x_wconf 73' lang='lat' dir='ltr'><strong>concinnitatis</strong></span> <span class='ocrx_word' id='word_1_72' title='bbox 1231 381 1349 409; x_wconf 88' lang='lat' dir='ltr'><strong>causa</strong></span> <span class='ocrx_word' id='word_1_73' title='bbox 1376 369 1529 408; x_wconf 85' lang='lat' dir='ltr'><strong>recedit</strong></span> 
     </span>
    </p>
   </div>
   <div class='ocr_carea' id='block_1_7' title="bbox 199 431 1665 604">
    <p class='ocr_par' dir='ltr' id='par_1_7' title="bbox 199 431 1665 604">
     <span class='ocr_line' id='line_1_10' title="bbox 199 431 1496 486; baseline -0.004 -9"><span class='ocrx_word' id='word_1_74' title='bbox 199 442 291 477; x_wconf 90' lang='lat' dir='ltr'><strong>met.</strong></span> <span class='ocrx_word' id='word_1_75' title='bbox 320 438 442 486; x_wconf 90' lang='lat' dir='ltr'><strong>VIII,</strong></span> <span class='ocrx_word' id='word_1_76' title='bbox 461 441 523 474; x_wconf 81' lang='grc'><strong>25.</strong></span> <span class='ocrx_word' id='word_1_77' title='bbox 1222 431 1338 483; x_wconf 87' lang='lat' dir='ltr'><strong>elige</strong></span> <span class='ocrx_word' id='word_1_78' title='bbox 1366 432 1496 473; x_wconf 90' lang='lat' dir='ltr'><strong>fictum</strong></span> 
     </span>
     <span class='ocr_line' id='line_1_11' title="bbox 587 487 1665 543; baseline -0.004 -15"><span class='ocrx_word' id='word_1_79' title='bbox 587 500 674 528; x_wconf 86' lang='lat' dir='ltr'><strong>esse</strong></span> <span class='ocrx_word' id='word_1_80' title='bbox 714 489 848 527; x_wconf 86' lang='lat' dir='ltr'><strong>Iovem</strong></span> <span class='ocrx_word' id='word_1_81' title='bbox 875 487 1029 536; x_wconf 90' lang='lat' dir='ltr'><strong>malis,</strong></span> <span class='ocrx_word' id='word_1_82' title='bbox 1058 499 1107 526; x_wconf 89' lang='lat' dir='ltr'><strong>an</strong></span> <span class='ocrx_word' id='word_1_83' title='bbox 1134 490 1183 526; x_wconf 87' lang='lat' dir='ltr'><strong>te</strong></span> <span class='ocrx_word' id='word_1_84' title='bbox 1203 499 1281 543; x_wconf 22' lang='lat' dir='ltr'><strong>*per</strong></span> <span class='ocrx_word' id='word_1_85' title='bbox 1309 487 1475 526; x_wconf 84' lang='lat' dir='ltr'><strong>dedecus</strong></span> <span class='ocrx_word' id='word_1_86' title='bbox 1504 489 1665 524; x_wconf 90' lang='lat' dir='ltr'><strong>ortum.</strong></span> 
     </span>
     <span class='ocr_line' id='line_1_12' title="bbox 203 550 1539 604; baseline -0.002 -12"><span class='ocrx_word' id='word_1_87' title='bbox 203 554 303 604; x_wconf 89' lang='lat' dir='ltr'><strong>med,</strong></span> <span class='ocrx_word' id='word_1_88' title='bbox 336 558 396 592; x_wconf 90' lang='lat'><strong>11.</strong></span> <span class='ocrx_word' id='word_1_89' title='bbox 592 552 759 591; x_wconf 77' lang='lat' dir='ltr'><strong>forsitan</strong></span> <span class='ocrx_word' id='word_1_90' title='bbox 788 550 972 599; x_wconf 83' lang='lat' dir='ltr'><strong>antiquae</strong></span> <span class='ocrx_word' id='word_1_91' title='bbox 1001 551 1117 591; x_wconf 82' lang='lat' dir='ltr'><strong>Tatio</strong></span> <span class='ocrx_word' id='word_1_92' title='bbox 1146 551 1218 591; x_wconf 90' lang='lat' dir='ltr'><strong>sub</strong></span> <span class='ocrx_word' id='word_1_93' title='bbox 1245 561 1340 601; x_wconf 83' lang='lat' dir='ltr'><strong>rege</strong></span> <span class='ocrx_word' id='word_1_94' title='bbox 1368 550 1539 591; x_wconf 85' lang='lat' dir='ltr'><strong>Sabinae</strong></span> 
     </span>
    </p>
   </div>
   <div class='ocr_carea' id='block_1_8' title="bbox 197 604 1756 844">
    <p class='ocr_par' dir='ltr' id='par_1_8' title="bbox 197 604 1756 844">
     <span class='ocr_line' id='line_1_13' title="bbox 584 604 1517 653; baseline -0.002 -8"><span class='ocrx_word' id='word_1_95' title='bbox 584 606 850 645; x_wconf 84' lang='lat' dir='ltr'><strong>maluerant</strong></span> <span class='ocrx_word' id='word_1_96' title='bbox 877 616 994 652; x_wconf 87' lang='lat' dir='ltr'><strong>quam</strong></span> <span class='ocrx_word' id='word_1_97' title='bbox 1022 617 1071 644; x_wconf 93' lang='lat' dir='ltr'><strong>se</strong></span> <span class='ocrx_word' id='word_1_98' title='bbox 1098 617 1191 644; x_wconf 86' lang='lat' dir='ltr'><strong>rura</strong></span> <span class='ocrx_word' id='word_1_99' title='bbox 1218 609 1387 653; x_wconf 89' lang='lat' dir='ltr'><strong>paterna</strong></span> <span class='ocrx_word' id='word_1_100' title='bbox 1415 604 1517 643; x_wconf 92' lang='lat' dir='ltr'><strong>coli.</strong></span> 
     </span>
     <span class='ocr_line' id='line_1_14' title="bbox 198 665 1756 718; baseline -0.002 -10"><span class='ocrx_word' id='word_1_101' title='bbox 198 674 407 718; x_wconf 86' lang='lat' dir='ltr'><strong>praeterea</strong></span> <span class='ocrx_word' id='word_1_102' title='bbox 436 669 612 718; x_wconf 87' lang='lat' dir='ltr'><strong>Ovidius,</strong></span> <span class='ocrx_word' id='word_1_103' title='bbox 644 681 870 717; x_wconf 82' lang='lat' dir='ltr'><strong>quamquam</strong></span> <span class='ocrx_word' id='word_1_104' title='bbox 899 668 1076 707; x_wconf 86' lang='lat' dir='ltr'><strong>subiecta</strong></span> <span class='ocrx_word' id='word_1_105' title='bbox 1097 671 1325 718; x_wconf 85' lang='lat' dir='ltr'><strong>congruunt,</strong></span> <span class='ocrx_word' id='word_1_106' title='bbox 1354 680 1433 708; x_wconf 88' lang='lat' dir='ltr'><strong>acc.</strong></span> <span class='ocrx_word' id='word_1_107' title='bbox 1455 680 1486 708; x_wconf 90' lang='lat' dir='ltr'><strong>c.</strong></span> <span class='ocrx_word' id='word_1_108' title='bbox 1506 667 1574 707; x_wconf 88' lang='lat' dir='ltr'><strong>inf.</strong></span> <span class='ocrx_word' id='word_1_109' title='bbox 1595 665 1756 717; x_wconf 86' lang='lat' dir='ltr'><strong>scripsit</strong></span> 
     </span>
     <span class='ocr_line' id='line_1_15' title="bbox 197 732 1172 783; baseline -0.002 -10"><span class='ocrx_word' id='word_1_110' title='bbox 197 746 233 773; x_wconf 88' lang='lat' dir='ltr'><strong>a.</strong></span> <span class='ocrx_word' id='word_1_111' title='bbox 263 745 298 772; x_wconf 90' lang='lat' dir='ltr'><strong>a.</strong></span> <span class='ocrx_word' id='word_1_112' title='bbox 327 734 362 783; x_wconf 93' lang='lat' dir='ltr'><strong>I,</strong></span> <span class='ocrx_word' id='word_1_113' title='bbox 380 738 471 772; x_wconf 92' lang='lat'><strong>666.</strong></span> <span class='ocrx_word' id='word_1_114' title='bbox 596 733 700 772; x_wconf 86' lang='lat' dir='ltr'><strong>vinci</strong></span> <span class='ocrx_word' id='word_1_115' title='bbox 729 744 772 772; x_wconf 89' lang='lat' dir='ltr'><strong>se</strong></span> <span class='ocrx_word' id='word_1_116' title='bbox 801 736 930 771; x_wconf 86' lang='lat' dir='ltr'><strong>tamen</strong></span> <span class='ocrx_word' id='word_1_117' title='bbox 958 732 1027 771; x_wconf 88' lang='lat' dir='ltr'><strong>illa</strong></span> <span class='ocrx_word' id='word_1_118' title='bbox 1053 732 1172 772; x_wconf 85' lang='lat' dir='ltr'><strong>volet.</strong></span> 
     </span>
     <span class='ocr_line' id='line_1_16' title="bbox 198 796 1697 844; baseline -0.001 -8"><span class='ocrx_word' id='word_1_119' title='bbox 198 798 346 837; x_wconf 84' lang='lat' dir='ltr'><strong>faveo.</strong></span> <span class='ocrx_word' id='word_1_120' title='bbox 377 796 592 835; x_wconf 88' lang='lat' dir='ltr'><strong>accusativi</strong></span> <span class='ocrx_word' id='word_1_121' title='bbox 620 808 705 835; x_wconf 89' lang='lat' dir='ltr'><strong>cum</strong></span> <span class='ocrx_word' id='word_1_122' title='bbox 732 796 801 835; x_wconf 87' lang='lat' dir='ltr'><strong>inf.</strong></span> <span class='ocrx_word' id='word_1_123' title='bbox 831 800 1030 835; x_wconf 85' lang='lat' dir='ltr'><strong>structura</strong></span> <span class='ocrx_word' id='word_1_124' title='bbox 1059 796 1192 837; x_wconf 91' lang='lat' dir='ltr'><strong>Ovidii</strong></span> <span class='ocrx_word' id='word_1_125' title='bbox 1220 796 1377 844; x_wconf 87' lang='lat' dir='ltr'><strong>propria</strong></span> <span class='ocrx_word' id='word_1_126' title='bbox 1406 798 1479 835; x_wconf 88' lang='lat' dir='ltr'><strong>est.</strong></span> <span class='ocrx_word' id='word_1_127' title='bbox 1670 814 1697 839; x_wconf 70' lang='grc' dir='ltr'><strong>ο</strong></span> 
     </span>
    </p>
   </div>
   <div class='ocr_carea' id='block_1_9' title="bbox 199 860 1441 954">
    <p class='ocr_par' dir='ltr' id='par_1_9' title="bbox 199 860 1441 954">
     <span class='ocr_line' id='line_1_17' title="bbox 199 860 1441 953; baseline -0.002 -52"><span class='ocrx_word' id='word_1_128' title='bbox 199 862 282 901; x_wconf 87' lang='lat' dir='ltr'><strong>her.</strong></span> <span class='ocrx_word' id='word_1_129' title='bbox 311 862 385 911; x_wconf 89' lang='lat' dir='ltr'><strong>VI,</strong></span> <span class='ocrx_word' id='word_1_130' title='bbox 403 866 466 900; x_wconf 84' lang='grc'><strong>99.</strong></span> <span class='ocrx_word' id='word_1_131' title='bbox 590 873 614 900; x_wconf 93' lang='lat' dir='ltr'><strong>a</strong></span> <span class='ocrx_word' id='word_1_132' title='bbox 625 862 648 900; x_wconf 90' lang='lat' dir='ltr'><strong>d</strong></span> <span class='ocrx_word' id='word_1_133' title='bbox 657 873 686 953; x_wconf 85' lang='lat' dir='ltr'><strong>sf</strong></span> <span class='ocrx_word' id='word_1_134' title='bbox 686 873 707 900; x_wconf 90' lang='grc'><strong>0</strong></span> <span class='ocrx_word' id='word_1_135' title='bbox 715 861 755 900; x_wconf 90' lang='lat' dir='ltr'><strong>ri</strong></span> <span class='ocrx_word' id='word_1_136' title='bbox 765 861 810 953; x_wconf 61' lang='grc'><strong>113</strong></span> <span class='ocrx_word' id='word_1_137' title='bbox 836 860 952 900; x_wconf 86' lang='lat' dir='ltr'><strong>factis</strong></span> <span class='ocrx_word' id='word_1_138' title='bbox 981 871 1258 909; x_wconf 85' lang='lat' dir='ltr'><strong>procerumque</strong></span> <span class='ocrx_word' id='word_1_139' title='bbox 1286 861 1441 909; x_wconf 88' lang='lat' dir='ltr'><strong>tuisque</strong></span> 
     </span>
     <span class='ocr_line' id='line_1_18' title="bbox 588 926 815 954; baseline 0 -1"><span class='ocrx_word' id='word_1_140' title='bbox 588 926 606 953; x_wconf 92' lang='grc'><strong>3</strong></span> <span class='ocrx_word' id='word_1_141' title='bbox 616 926 636 953; x_wconf 92' lang='grc'><strong>0</strong></span> <span class='ocrx_word' id='word_1_142' title='bbox 689 927 713 953; x_wconf 84' lang='lat' dir='ltr'><strong>a</strong></span> <span class='ocrx_word' id='word_1_143' title='bbox 721 926 747 954; x_wconf 86' lang='lat' dir='ltr'><strong>v</strong></span> <span class='ocrx_word' id='word_1_144' title='bbox 758 927 778 953; x_wconf 92' lang='grc'><strong>0</strong></span> <span class='ocrx_word' id='word_1_145' title='bbox 809 946 815 953; x_wconf 94' lang='grc'><strong>.</strong></span> 
     </span>
    </p>
   </div>
   <div class='ocr_carea' id='block_1_10' title="bbox 198 977 1754 1829">
    <p class='ocr_par' dir='ltr' id='par_1_10' title="bbox 198 977 1754 1829">
     <span class='ocr_line' id='line_1_19' title="bbox 199 977 1753 1029; baseline -0.001 -10"><span class='ocrx_word' id='word_1_146' title='bbox 199 982 308 1029; x_wconf 87' lang='lat' dir='ltr'><strong>opto</strong></span> <span class='ocrx_word' id='word_1_147' title='bbox 339 978 392 1029; x_wconf 86' lang='lat' dir='ltr'><strong>(v.</strong></span> <span class='ocrx_word' id='word_1_148' title='bbox 423 979 495 1018; x_wconf 83' lang='lat' dir='ltr'><strong>Dr.</strong></span> <span class='ocrx_word' id='word_1_149' title='bbox 524 991 561 1029; x_wconf 89' lang='lat' dir='ltr'><strong>p.</strong></span> <span class='ocrx_word' id='word_1_150' title='bbox 595 983 685 1029; x_wconf 83' lang='lat'><strong>381,</strong></span> <span class='ocrx_word' id='word_1_151' title='bbox 714 980 788 1019; x_wconf 88' lang='lat' dir='ltr'><strong>Kr.</strong></span> <span class='ocrx_word' id='word_1_152' title='bbox 820 978 898 1028; x_wconf 85' lang='lat'><strong>47),</strong></span> <span class='ocrx_word' id='word_1_153' title='bbox 929 978 989 1018; x_wconf 91' lang='lat' dir='ltr'><strong>cui</strong></span> <span class='ocrx_word' id='word_1_154' title='bbox 1017 979 1136 1019; x_wconf 86' lang='lat' dir='ltr'><strong>verbo</strong></span> <span class='ocrx_word' id='word_1_155' title='bbox 1165 978 1332 1028; x_wconf 82' lang='lat' dir='ltr'><strong>Ennius,</strong></span> <span class='ocrx_word' id='word_1_156' title='bbox 1361 977 1585 1029; x_wconf 79' lang='lat' dir='ltr'><strong>Terentius,</strong></span> <span class='ocrx_word' id='word_1_157' title='bbox 1615 978 1753 1020; x_wconf 81' lang='lat' dir='ltr'><strong>Cicero</strong></span> 
     </span>
     <span class='ocr_line' id='line_1_20' title="bbox 199 1033 1752 1083; baseline -0.001 -11"><span class='ocrx_word' id='word_1_158' title='bbox 199 1046 278 1072; x_wconf 85' lang='lat' dir='ltr'><strong>ace.</strong></span> <span class='ocrx_word' id='word_1_159' title='bbox 309 1045 391 1072; x_wconf 92' lang='lat' dir='ltr'><strong>cum</strong></span> <span class='ocrx_word' id='word_1_160' title='bbox 421 1033 489 1071; x_wconf 86' lang='lat' dir='ltr'><strong>inf.</strong></span> <span class='ocrx_word' id='word_1_161' title='bbox 511 1034 755 1083; x_wconf 86' lang='lat' dir='ltr'><strong>addiderunt,</strong></span> <span class='ocrx_word' id='word_1_162' title='bbox 778 1034 906 1071; x_wconf 85' lang='lat' dir='ltr'><strong>eodem</strong></span> <span class='ocrx_word' id='word_1_163' title='bbox 928 1033 1037 1071; x_wconf 89' lang='lat' dir='ltr'><strong>modo</strong></span> <span class='ocrx_word' id='word_1_164' title='bbox 1056 1033 1223 1080; x_wconf 84' lang='lat' dir='ltr'><strong>positum</strong></span> <span class='ocrx_word' id='word_1_165' title='bbox 1243 1033 1413 1071; x_wconf 87' lang='lat' dir='ltr'><strong>occurrit</strong></span> <span class='ocrx_word' id='word_1_166' title='bbox 1439 1044 1502 1081; x_wconf 91' lang='lat' dir='ltr'><strong>ap.</strong></span> <span class='ocrx_word' id='word_1_167' title='bbox 1522 1033 1752 1082; x_wconf 82' lang='lat' dir='ltr'><strong>Vergilium,</strong></span> 
     </span>
     <span class='ocr_line' id='line_1_21' title="bbox 199 1086 1754 1135; baseline 0 -11"><span class='ocrx_word' id='word_1_168' title='bbox 199 1090 395 1124; x_wconf 86' lang='lat' dir='ltr'><strong>auctorem</strong></span> <span class='ocrx_word' id='word_1_169' title='bbox 425 1086 540 1135; x_wconf 82' lang='lat' dir='ltr'><strong>CiriS,</strong></span> <span class='ocrx_word' id='word_1_170' title='bbox 571 1086 762 1126; x_wconf 87' lang='lat' dir='ltr'><strong>Ovidium.</strong></span> <span class='ocrx_word' id='word_1_171' title='bbox 803 1087 886 1124; x_wconf 85' lang='lat' dir='ltr'><strong>her.</strong></span> <span class='ocrx_word' id='word_1_172' title='bbox 914 1086 1042 1135; x_wconf 87' lang='lat' dir='ltr'><strong>XIX,</strong></span> <span class='ocrx_word' id='word_1_173' title='bbox 1062 1090 1122 1124; x_wconf 94' lang='grc'><strong>11.</strong></span> <span class='ocrx_word' id='word_1_174' title='bbox 1751 1116 1754 1119; x_wconf 57' lang='grc'><strong><em>,</em></strong></span> 
     </span>
     <span class='ocr_line' id='line_1_22' title="bbox 199 1138 1724 1189; baseline 0 -11"><span class='ocrx_word' id='word_1_175' title='bbox 199 1140 281 1178; x_wconf 90' lang='lat' dir='ltr'><strong>her.</strong></span> <span class='ocrx_word' id='word_1_176' title='bbox 311 1140 439 1189; x_wconf 90' lang='lat' dir='ltr'><strong>XIII,</strong></span> <span class='ocrx_word' id='word_1_177' title='bbox 458 1144 492 1178; x_wconf 94' lang='grc'><strong>1.</strong></span> <span class='ocrx_word' id='word_1_178' title='bbox 540 1139 662 1178; x_wconf 87' lang='grc'>11111111</span> <span class='ocrx_word' id='word_1_179' title='bbox 690 1143 731 1178; x_wconf 91' lang='grc'><strong>01</strong></span> <span class='ocrx_word' id='word_1_180' title='bbox 758 1143 891 1188; x_wconf 89' lang='lat' dir='ltr'><strong>optat</strong></span> <span class='ocrx_word' id='word_1_181' title='bbox 919 1150 1067 1189; x_wconf 88' lang='lat' dir='ltr'><strong>amans,</strong></span> <span class='ocrx_word' id='word_1_182' title='bbox 1097 1150 1170 1188; x_wconf 89' lang='lat' dir='ltr'><strong>quo</strong></span> <span class='ocrx_word' id='word_1_183' title='bbox 1199 1139 1379 1188; x_wconf 88' lang='lat' dir='ltr'><strong>mittitur,</strong></span> <span class='ocrx_word' id='word_1_184' title='bbox 1408 1138 1477 1178; x_wconf 91' lang='lat' dir='ltr'><strong>ire</strong></span> <span class='ocrx_word' id='word_1_185' title='bbox 1505 1141 1724 1179; x_wconf 88' lang='lat' dir='ltr'><strong>satutem.</strong></span> 
     </span>
     <span class='ocr_line' id='line_1_23' title="bbox 199 1193 1505 1242; baseline -0.001 -10"><span class='ocrx_word' id='word_1_186' title='bbox 199 1194 245 1232; x_wconf 91' lang='lat' dir='ltr'><strong>P.</strong></span> <span class='ocrx_word' id='word_1_187' title='bbox 274 1194 356 1242; x_wconf 90' lang='grc' dir='ltr'>ΙΙΙ,</span> <span class='ocrx_word' id='word_1_188' title='bbox 377 1198 412 1242; x_wconf 92' lang='grc'><strong>1,</strong></span> <span class='ocrx_word' id='word_1_189' title='bbox 443 1198 509 1231; x_wconf 90' lang='grc'><strong>37.</strong></span> <span class='ocrx_word' id='word_1_190' title='bbox 784 1193 866 1241; x_wconf 89' lang='lat' dir='ltr'><strong>quis</strong></span> <span class='ocrx_word' id='word_1_191' title='bbox 896 1193 996 1231; x_wconf 92' lang='lat' dir='ltr'><strong>enim</strong></span> <span class='ocrx_word' id='word_1_192' title='bbox 1025 1193 1119 1231; x_wconf 88' lang='lat' dir='ltr'><strong>mihi</strong></span> <span class='ocrx_word' id='word_1_193' title='bbox 1147 1196 1228 1232; x_wconf 87' lang='lat' dir='ltr'><strong>tam</strong></span> <span class='ocrx_word' id='word_1_194' title='bbox 1257 1193 1310 1232; x_wconf 92' lang='lat' dir='ltr'><strong>sit</strong></span> <span class='ocrx_word' id='word_1_195' title='bbox 1339 1193 1505 1241; x_wconf 84' lang='lat' dir='ltr'><strong>iniquus,</strong></span> 
     </span>
     <span class='ocr_line' id='line_1_24' title="bbox 586 1245 1501 1294; baseline 0.001 -10"><span class='ocrx_word' id='word_1_196' title='bbox 586 1248 717 1294; x_wconf 89' lang='lat' dir='ltr'><strong>optet</strong></span> <span class='ocrx_word' id='word_1_197' title='bbox 744 1249 788 1285; x_wconf 95' lang='lat' dir='ltr'><strong>ut</strong></span> <span class='ocrx_word' id='word_1_198' title='bbox 816 1246 1003 1285; x_wconf 90' lang='lat' dir='ltr'><strong>exilium</strong></span> <span class='ocrx_word' id='word_1_199' title='bbox 1032 1256 1129 1294; x_wconf 91' lang='lat' dir='ltr'><strong>pace</strong></span> <span class='ocrx_word' id='word_1_200' title='bbox 1158 1257 1322 1285; x_wconf 89' lang='lat' dir='ltr'><strong>carere</strong></span> <span class='ocrx_word' id='word_1_201' title='bbox 1349 1245 1501 1285; x_wconf 84' lang='lat' dir='ltr'><strong>meum?</strong></span> 
     </span>
     <span class='ocr_line' id='line_1_25' title="bbox 198 1299 1753 1349; baseline 0 -11"><span class='ocrx_word' id='word_1_202' title='bbox 198 1302 378 1349; x_wconf 85' lang='lat' dir='ltr'><strong>statuo,</strong></span> <span class='ocrx_word' id='word_1_203' title='bbox 407 1299 658 1338; x_wconf 90' lang='lat' dir='ltr'><strong>constituo.</strong></span> <span class='ocrx_word' id='word_1_204' title='bbox 687 1300 735 1338; x_wconf 92' lang='lat' dir='ltr'><strong>de</strong></span> <span class='ocrx_word' id='word_1_205' title='bbox 777 1311 853 1339; x_wconf 89' lang='lat' dir='ltr'><strong>acc.</strong></span> <span class='ocrx_word' id='word_1_206' title='bbox 898 1311 983 1338; x_wconf 90' lang='lat' dir='ltr'><strong>cum</strong></span> <span class='ocrx_word' id='word_1_207' title='bbox 1024 1299 1093 1339; x_wconf 87' lang='lat' dir='ltr'><strong>inf.</strong></span> <span class='ocrx_word' id='word_1_208' title='bbox 1136 1303 1334 1339; x_wconf 88' lang='lat' dir='ltr'><strong>structura</strong></span> <span class='ocrx_word' id='word_1_209' title='bbox 1361 1300 1433 1339; x_wconf 89' lang='lat' dir='ltr'><strong>Dr.</strong></span> <span class='ocrx_word' id='word_1_210' title='bbox 1475 1311 1513 1348; x_wconf 89' lang='lat' dir='ltr'><strong>p.</strong></span> <span class='ocrx_word' id='word_1_211' title='bbox 1543 1303 1621 1338; x_wconf 83' lang='lat'><strong>385</strong></span> <span class='ocrx_word' id='word_1_212' title='bbox 1657 1299 1753 1348; x_wconf 84' lang='lat' dir='ltr'><strong>egit.</strong></span> 
     </span>
     <span class='ocr_line' id='line_1_26' title="bbox 199 1352 1752 1403; baseline 0.001 -12"><span class='ocrx_word' id='word_1_213' title='bbox 199 1353 302 1401; x_wconf 86' lang='lat' dir='ltr'><strong>apud</strong></span> <span class='ocrx_word' id='word_1_214' title='bbox 330 1352 511 1392; x_wconf 89' lang='lat' dir='ltr'><strong>Ovidium</strong></span> <span class='ocrx_word' id='word_1_215' title='bbox 540 1364 620 1391; x_wconf 88' lang='lat' dir='ltr'><strong>acc.</strong></span> <span class='ocrx_word' id='word_1_216' title='bbox 650 1364 681 1391; x_wconf 89' lang='lat' dir='ltr'><strong>c.</strong></span> <span class='ocrx_word' id='word_1_217' title='bbox 711 1352 778 1391; x_wconf 80' lang='lat' dir='ltr'><strong>inf.</strong></span> <span class='ocrx_word' id='word_1_218' title='bbox 808 1352 1007 1392; x_wconf 88' lang='lat' dir='ltr'><strong>invenitur</strong></span> <span class='ocrx_word' id='word_1_219' title='bbox 1030 1354 1077 1392; x_wconf 80' lang='lat' dir='ltr'><strong>F.</strong></span> <span class='ocrx_word' id='word_1_220' title='bbox 1108 1354 1143 1402; x_wconf 93' lang='grc' dir='ltr'>Ι,</span> <span class='ocrx_word' id='word_1_221' title='bbox 1161 1358 1211 1392; x_wconf 88' lang='grc'><strong>33</strong></span> <span class='ocrx_word' id='word_1_222' title='bbox 1241 1354 1324 1392; x_wconf 88' lang='lat' dir='ltr'><strong>her.</strong></span> <span class='ocrx_word' id='word_1_223' title='bbox 1344 1354 1419 1402; x_wconf 91' lang='lat' dir='ltr'><strong>IV,</strong></span> <span class='ocrx_word' id='word_1_224' title='bbox 1442 1357 1530 1391; x_wconf 86' lang='lat'><strong>133.</strong></span> <span class='ocrx_word' id='word_1_225' title='bbox 1560 1353 1608 1391; x_wconf 81' lang='lat' dir='ltr'><strong>F.</strong></span> <span class='ocrx_word' id='word_1_226' title='bbox 1635 1353 1671 1403; x_wconf 77' lang='grc' dir='ltr'>Ι,</span> <span class='ocrx_word' id='word_1_227' title='bbox 1688 1357 1752 1392; x_wconf 89' lang='grc'><strong>27.</strong></span> 
     </span>
     <span class='ocr_line' id='line_1_27' title="bbox 198 1405 1734 1458; baseline 0 -12"><span class='ocrx_word' id='word_1_228' title='bbox 198 1407 246 1446; x_wconf 79' lang='lat' dir='ltr'><strong>F.</strong></span> <span class='ocrx_word' id='word_1_229' title='bbox 275 1406 311 1456; x_wconf 84' lang='lat' dir='ltr'><strong>I,</strong></span> <span class='ocrx_word' id='word_1_230' title='bbox 329 1411 392 1444; x_wconf 85' lang='lat'><strong>33.</strong></span> <span class='ocrx_word' id='word_1_231' title='bbox 590 1418 662 1453; x_wconf 88' lang='lat' dir='ltr'><strong>quo</strong></span> <span class='ocrx_word' id='word_1_232' title='bbox 692 1407 789 1446; x_wconf 84' lang='lat' dir='ltr'><strong>satis</strong></span> <span class='ocrx_word' id='word_1_233' title='bbox 819 1410 891 1457; x_wconf 87' lang='lat' dir='ltr'><strong>est,</strong></span> <span class='ocrx_word' id='word_1_234' title='bbox 920 1410 1033 1446; x_wconf 79' lang='lat' dir='ltr'><strong>utero</strong></span> <span class='ocrx_word' id='word_1_235' title='bbox 1062 1407 1199 1446; x_wconf 86' lang='lat' dir='ltr'><strong>matris</strong></span> <span class='ocrx_word' id='word_1_236' title='bbox 1229 1407 1318 1446; x_wconf 92' lang='lat' dir='ltr'><strong>dum</strong></span> <span class='ocrx_word' id='word_1_237' title='bbox 1345 1406 1511 1455; x_wconf 82' lang='lat' dir='ltr'><strong>prodeat</strong></span> <span class='ocrx_word' id='word_1_238' title='bbox 1537 1405 1681 1458; x_wconf 88' lang='lat' dir='ltr'><strong>infans,</strong></span> <span class='ocrx_word' id='word_1_239' title='bbox 1730 1454 1734 1457; x_wconf 8' lang='lat' dir='ltr'><strong>p</strong></span> 
     </span>
     <span class='ocr_line' id='line_1_28' title="bbox 586 1460 1514 1508; baseline 0.001 -11"><span class='ocrx_word' id='word_1_240' title='bbox 586 1460 668 1498; x_wconf 89' lang='lat' dir='ltr'><strong>hoc</strong></span> <span class='ocrx_word' id='word_1_241' title='bbox 696 1472 795 1498; x_wconf 88' lang='lat' dir='ltr'><strong>anno</strong></span> <span class='ocrx_word' id='word_1_242' title='bbox 825 1461 1001 1499; x_wconf 86' lang='lat' dir='ltr'><strong>statuit</strong></span> <span class='ocrx_word' id='word_1_243' title='bbox 1029 1461 1213 1508; x_wconf 88' lang='lat' dir='ltr'><strong>temporis</strong></span> <span class='ocrx_word' id='word_1_244' title='bbox 1243 1471 1349 1499; x_wconf 90' lang='lat' dir='ltr'><strong>esse</strong></span> <span class='ocrx_word' id='word_1_245' title='bbox 1378 1460 1514 1498; x_wconf 87' lang='lat' dir='ltr'><strong>satis.</strong></span> 
     </span>
     <span class='ocr_line' id='line_1_29' title="bbox 199 1513 1744 1563; baseline 0.001 -12"><span class='ocrx_word' id='word_1_246' title='bbox 199 1513 282 1551; x_wconf 89' lang='lat' dir='ltr'><strong>her.</strong></span> <span class='ocrx_word' id='word_1_247' title='bbox 311 1513 386 1562; x_wconf 87' lang='lat' dir='ltr'><strong>IV,</strong></span> <span class='ocrx_word' id='word_1_248' title='bbox 405 1517 479 1551; x_wconf 89' lang='grc'><strong>133</strong></span> <span class='ocrx_word' id='word_1_249' title='bbox 585 1513 764 1561; x_wconf 87' lang='lat' dir='ltr'><strong>Iuppiter</strong></span> <span class='ocrx_word' id='word_1_250' title='bbox 792 1525 893 1553; x_wconf 86' lang='lat' dir='ltr'><strong>esse</strong></span> <span class='ocrx_word' id='word_1_251' title='bbox 922 1513 1041 1561; x_wconf 86' lang='lat' dir='ltr'><strong>pium</strong></span> <span class='ocrx_word' id='word_1_252' title='bbox 1070 1514 1267 1563; x_wconf 87' lang='lat' dir='ltr'><strong>statuit,</strong></span> <span class='ocrx_word' id='word_1_253' title='bbox 1297 1514 1548 1562; x_wconf 88' lang='lat' dir='ltr'><strong>quodcunque</strong></span> <span class='ocrx_word' id='word_1_254' title='bbox 1574 1513 1744 1553; x_wconf 87' lang='lat' dir='ltr'><strong>iuvaret.</strong></span> 
     </span>
     <span class='ocr_line' id='line_1_30' title="bbox 198 1566 1637 1616; baseline 0 -11"><span class='ocrx_word' id='word_1_255' title='bbox 198 1566 246 1605; x_wconf 82' lang='lat' dir='ltr'><strong>F.</strong></span> <span class='ocrx_word' id='word_1_256' title='bbox 275 1567 309 1616; x_wconf 93' lang='lat' dir='ltr'><strong>I,</strong></span> <span class='ocrx_word' id='word_1_257' title='bbox 327 1571 390 1605; x_wconf 86' lang='lat'><strong>27.</strong></span> <span class='ocrx_word' id='word_1_258' title='bbox 586 1570 762 1614; x_wconf 84' lang='lat' dir='ltr'><strong>tempora</strong></span> <span class='ocrx_word' id='word_1_259' title='bbox 790 1567 988 1615; x_wconf 85' lang='lat' dir='ltr'><strong>digereret</strong></span> <span class='ocrx_word' id='word_1_260' title='bbox 1015 1579 1098 1606; x_wconf 90' lang='lat' dir='ltr'><strong>cum</strong></span> <span class='ocrx_word' id='word_1_261' title='bbox 1126 1568 1302 1606; x_wconf 88' lang='lat' dir='ltr'><strong>conditor</strong></span> <span class='ocrx_word' id='word_1_262' title='bbox 1328 1568 1448 1616; x_wconf 91' lang='lat' dir='ltr'><strong>urbis,</strong></span> <span class='ocrx_word' id='word_1_263' title='bbox 1467 1567 1507 1606; x_wconf 90' lang='lat' dir='ltr'><strong>in</strong></span> <span class='ocrx_word' id='word_1_264' title='bbox 1536 1579 1637 1606; x_wconf 90' lang='lat' dir='ltr'><strong>anno</strong></span> 
     </span>
     <span class='ocr_line' id='line_1_31' title="bbox 587 1620 1624 1669; baseline 0.002 -11"><span class='ocrx_word' id='word_1_265' title='bbox 587 1620 837 1659; x_wconf 86' lang='lat' dir='ltr'><strong>coustituit</strong></span> <span class='ocrx_word' id='word_1_266' title='bbox 863 1632 1047 1659; x_wconf 89' lang='lat' dir='ltr'><strong>menses</strong></span> <span class='ocrx_word' id='word_1_267' title='bbox 1077 1621 1277 1669; x_wconf 90' lang='lat' dir='ltr'><strong>quinque</strong></span> <span class='ocrx_word' id='word_1_268' title='bbox 1305 1620 1376 1660; x_wconf 90' lang='lat' dir='ltr'><strong>bis</strong></span> <span class='ocrx_word' id='word_1_269' title='bbox 1406 1632 1514 1660; x_wconf 90' lang='lat' dir='ltr'><strong>esse</strong></span> <span class='ocrx_word' id='word_1_270' title='bbox 1543 1631 1624 1660; x_wconf 90' lang='lat' dir='ltr'><strong>suo.</strong></span> 
     </span>
     <span class='ocr_line' id='line_1_32' title="bbox 198 1672 1236 1723; baseline 0.002 -11"><span class='ocrx_word' id='word_1_271' title='bbox 198 1683 308 1721; x_wconf 83' lang='lat' dir='ltr'><strong>rogo</strong></span> <span class='ocrx_word' id='word_1_272' title='bbox 338 1672 501 1713; x_wconf 85' lang='lat' dir='ltr'><strong>Ovidius</strong></span> <span class='ocrx_word' id='word_1_273' title='bbox 530 1673 674 1721; x_wconf 84' lang='lat' dir='ltr'><strong>primus</strong></span> <span class='ocrx_word' id='word_1_274' title='bbox 703 1686 788 1713; x_wconf 90' lang='lat' dir='ltr'><strong>cum</strong></span> <span class='ocrx_word' id='word_1_275' title='bbox 816 1686 896 1714; x_wconf 88' lang='lat' dir='ltr'><strong>acc.</strong></span> <span class='ocrx_word' id='word_1_276' title='bbox 927 1678 969 1714; x_wconf 90' lang='lat' dir='ltr'><strong>et</strong></span> <span class='ocrx_word' id='word_1_277' title='bbox 996 1673 1064 1713; x_wconf 88' lang='lat' dir='ltr'><strong>inf.</strong></span> <span class='ocrx_word' id='word_1_278' title='bbox 1093 1675 1236 1723; x_wconf 84' lang='lat' dir='ltr'><strong>posuit.</strong></span> 
     </span>
     <span class='ocr_line' id='line_1_33' title="bbox 198 1727 1578 1776; baseline 0.001 -11"><span class='ocrx_word' id='word_1_279' title='bbox 198 1731 290 1765; x_wconf 89' lang='lat' dir='ltr'><strong>met.</strong></span> <span class='ocrx_word' id='word_1_280' title='bbox 319 1727 440 1775; x_wconf 89' lang='lat' dir='ltr'><strong>XIV,</strong></span> <span class='ocrx_word' id='word_1_281' title='bbox 459 1731 533 1765; x_wconf 84' lang='lat'><strong>138</strong></span> <span class='ocrx_word' id='word_1_282' title='bbox 586 1731 646 1766; x_wconf 88' lang='lat' dir='ltr'><strong>tot</strong></span> <span class='ocrx_word' id='word_1_283' title='bbox 674 1728 767 1766; x_wconf 89' lang='lat' dir='ltr'><strong>mihi</strong></span> <span class='ocrx_word' id='word_1_284' title='bbox 794 1729 983 1766; x_wconf 85' lang='lat' dir='ltr'><strong>natales</strong></span> <span class='ocrx_word' id='word_1_285' title='bbox 1012 1729 1237 1776; x_wconf 85' lang='lat' dir='ltr'><strong>contingere</strong></span> <span class='ocrx_word' id='word_1_286' title='bbox 1264 1740 1369 1767; x_wconf 88' lang='lat' dir='ltr'><strong>vana</strong></span> <span class='ocrx_word' id='word_1_287' title='bbox 1396 1728 1578 1776; x_wconf 86' lang='lat' dir='ltr'><strong>rogavi.</strong></span> 
     </span>
     <span class='ocr_line' id='line_1_34' title="bbox 200 1780 1255 1829; baseline 0.003 -12"><span class='ocrx_word' id='word_1_288' title='bbox 200 1790 236 1817; x_wconf 90' lang='lat' dir='ltr'><strong>a.</strong></span> <span class='ocrx_word' id='word_1_289' title='bbox 265 1790 301 1817; x_wconf 88' lang='lat' dir='ltr'><strong>a.</strong></span> <span class='ocrx_word' id='word_1_290' title='bbox 330 1780 365 1828; x_wconf 94' lang='grc' dir='ltr'>Ι,</span> <span class='ocrx_word' id='word_1_291' title='bbox 382 1783 459 1817; x_wconf 84' lang='grc'><strong>433</strong></span> <span class='ocrx_word' id='word_1_292' title='bbox 586 1780 709 1819; x_wconf 89' lang='lat' dir='ltr'><strong>multa</strong></span> <span class='ocrx_word' id='word_1_293' title='bbox 737 1784 906 1829; x_wconf 88' lang='lat' dir='ltr'><strong>rogant</strong></span> <span class='ocrx_word' id='word_1_294' title='bbox 933 1780 1111 1820; x_wconf 88' lang='lat' dir='ltr'><strong>utenda</strong></span> <span class='ocrx_word' id='word_1_295' title='bbox 1140 1780 1255 1820; x_wconf 90' lang='lat' dir='ltr'><strong>dari.</strong></span> 
     </span>
    </p>
   </div>
   <div class='ocr_carea' id='block_1_11' title="bbox 201 1887 1935 2580">
    <p class='ocr_par' dir='ltr' id='par_1_11' title="bbox 201 1887 1935 2579">
     <span class='ocr_line' id='line_1_35' title="bbox 201 1887 597 1935; baseline 0.005 -11"><span class='ocrx_word' id='word_1_296' title='bbox 201 1890 274 1925; x_wconf 88' lang='grc'>031.</span> <span class='ocrx_word' id='word_1_297' title='bbox 304 1887 390 1925; x_wconf 84' lang='lat' dir='ltr'><strong>Tib.</strong></span> <span class='ocrx_word' id='word_1_298' title='bbox 418 1888 478 1935; x_wconf 85' lang='grc' dir='ltr'>ΙΙ,</span> <span class='ocrx_word' id='word_1_299' title='bbox 495 1892 531 1935; x_wconf 85' lang='grc'>5,</span> <span class='ocrx_word' id='word_1_300' title='bbox 561 1893 597 1926; x_wconf 86' lang='lat'><strong>3.</strong></span> 
     </span>
     <span class='ocr_line' id='line_1_36' title="bbox 201 1939 1712 1994; baseline 0.003 -15"><span class='ocrx_word' id='word_1_301' title='bbox 201 1939 284 1979; x_wconf 88' lang='lat' dir='ltr'><strong>her.</strong></span> <span class='ocrx_word' id='word_1_302' title='bbox 314 1940 481 1981; x_wconf 86' lang='lat' dir='ltr'><strong>XVIII.</strong></span> <span class='ocrx_word' id='word_1_303' title='bbox 500 1945 563 1981; x_wconf 83' lang='lat'><strong>82.</strong></span> <span class='ocrx_word' id='word_1_304' title='bbox 591 1953 785 1991; x_wconf 85' lang='lat' dir='ltr'><strong>nunquam</strong></span> <span class='ocrx_word' id='word_1_305' title='bbox 813 1942 1027 1991; x_wconf 89' lang='lat' dir='ltr'><strong>placidas</strong></span> <span class='ocrx_word' id='word_1_306' title='bbox 1056 1954 1160 1982; x_wconf 88' lang='lat' dir='ltr'><strong>esse</strong></span> <span class='ocrx_word' id='word_1_307' title='bbox 1187 1952 1412 1992; x_wconf 86' lang='lat' dir='ltr'><strong>precarer</strong></span> <span class='ocrx_word' id='word_1_308' title='bbox 1439 1954 1597 1994; x_wconf 86' lang='lat' dir='ltr'><strong>aquas.</strong></span> <span class='ocrx_word' id='word_1_309' title='bbox 1708 1981 1712 1984; x_wconf 81' lang='grc'>,</span> 
     </span>
     <span class='ocr_line' id='line_1_37' title="bbox 201 1993 1935 2046; baseline 0.001 -14"><span class='ocrx_word' id='word_1_310' title='bbox 201 1994 248 2033; x_wconf 89' lang='lat' dir='ltr'><strong>P.</strong></span> <span class='ocrx_word' id='word_1_311' title='bbox 277 1995 312 2043; x_wconf 91' lang='lat' dir='ltr'><strong>I,</strong></span> <span class='ocrx_word' id='word_1_312' title='bbox 332 1999 393 2044; x_wconf 90' lang='grc'><strong>10,</strong></span> <span class='ocrx_word' id='word_1_313' title='bbox 425 2000 486 2034; x_wconf 89' lang='grc'><strong>19.</strong></span> <span class='ocrx_word' id='word_1_314' title='bbox 591 1996 788 2035; x_wconf 88' lang='lat' dir='ltr'><strong>delicias</strong></span> <span class='ocrx_word' id='word_1_315' title='bbox 817 1997 873 2036; x_wconf 89' lang='lat' dir='ltr'><strong>illi</strong></span> <span class='ocrx_word' id='word_1_316' title='bbox 899 2007 1067 2045; x_wconf 85' lang='lat' dir='ltr'><strong>precor</strong></span> <span class='ocrx_word' id='word_1_317' title='bbox 1095 1997 1167 2036; x_wconf 89' lang='lat' dir='ltr'><strong>has</strong></span> <span class='ocrx_word' id='word_1_318' title='bbox 1196 1998 1488 2046; x_wconf 87' lang='lat' dir='ltr'><strong>contingere.</strong></span> <span class='ocrx_word' id='word_1_319' title='bbox 1883 1993 1935 2043; x_wconf 52' lang='grc' dir='ltr'><strong>Ξὲ</strong></span> 
     </span>
     <span class='ocr_line' id='line_1_38' title="bbox 201 2047 1754 2099; baseline 0.004 -15"><span class='ocrx_word' id='word_1_320' title='bbox 201 2047 389 2094; x_wconf 88' lang='lat' dir='ltr'><strong>impero.</strong></span> <span class='ocrx_word' id='word_1_321' title='bbox 408 2059 446 2086; x_wconf 87' lang='lat' dir='ltr'><strong>v.</strong></span> <span class='ocrx_word' id='word_1_322' title='bbox 467 2050 537 2086; x_wconf 89' lang='lat' dir='ltr'><strong>Dr.</strong></span> <span class='ocrx_word' id='word_1_323' title='bbox 559 2059 595 2096; x_wconf 86' lang='lat' dir='ltr'><strong>p.</strong></span> <span class='ocrx_word' id='word_1_324' title='bbox 619 2054 695 2088; x_wconf 84' lang='lat'><strong>387</strong></span> <span class='ocrx_word' id='word_1_325' title='bbox 725 2061 757 2088; x_wconf 92' lang='lat' dir='ltr'><strong>s.</strong></span> <span class='ocrx_word' id='word_1_326' title='bbox 785 2050 860 2089; x_wconf 88' lang='lat' dir='ltr'><strong>Kr.</strong></span> <span class='ocrx_word' id='word_1_327' title='bbox 889 2060 926 2099; x_wconf 90' lang='lat' dir='ltr'><strong>p.</strong></span> <span class='ocrx_word' id='word_1_328' title='bbox 957 2053 1020 2090; x_wconf 97' lang='grc'><strong>49.</strong></span> <span class='ocrx_word' id='word_1_329' title='bbox 1051 2050 1267 2090; x_wconf 87' lang='lat' dir='ltr'><strong>accusativi</strong></span> <span class='ocrx_word' id='word_1_330' title='bbox 1294 2061 1380 2090; x_wconf 89' lang='lat' dir='ltr'><strong>cum</strong></span> <span class='ocrx_word' id='word_1_331' title='bbox 1398 2049 1467 2090; x_wconf 87' lang='lat' dir='ltr'><strong>inf.</strong></span> <span class='ocrx_word' id='word_1_332' title='bbox 1487 2048 1610 2090; x_wconf 89' lang='lat' dir='ltr'><strong>activi</strong></span> <span class='ocrx_word' id='word_1_333' title='bbox 1629 2052 1754 2090; x_wconf 88' lang='lat' dir='ltr'><strong>struc-</strong></span> 
     </span>
     <span class='ocr_line' id='line_1_39' title="bbox 201 2102 1935 2167; baseline 0.003 -28"><span class='ocrx_word' id='word_1_334' title='bbox 201 2104 293 2139; x_wconf 85' lang='lat' dir='ltr'><strong>tura</strong></span> <span class='ocrx_word' id='word_1_335' title='bbox 321 2110 384 2148; x_wconf 90' lang='lat' dir='ltr'><strong>ap.</strong></span> <span class='ocrx_word' id='word_1_336' title='bbox 415 2102 564 2141; x_wconf 66' lang='lat' dir='ltr'><strong>Caesar</strong></span> <span class='ocrx_word' id='word_1_337' title='bbox 567 2114 626 2141; x_wconf 87' lang='lat' dir='ltr'><strong>em</strong></span> <span class='ocrx_word' id='word_1_338' title='bbox 647 2104 820 2153; x_wconf 89' lang='lat' dir='ltr'><strong>primum,</strong></span> <span class='ocrx_word' id='word_1_339' title='bbox 839 2104 988 2151; x_wconf 86' lang='lat' dir='ltr'><strong>passivi</strong></span> <span class='ocrx_word' id='word_1_340' title='bbox 1007 2114 1068 2152; x_wconf 88' lang='lat' dir='ltr'><strong>ap.</strong></span> <span class='ocrx_word' id='word_1_341' title='bbox 1091 2104 1318 2144; x_wconf 86' lang='lat' dir='ltr'><strong>Ciceronem</strong></span> <span class='ocrx_word' id='word_1_342' title='bbox 1341 2104 1521 2143; x_wconf 90' lang='lat' dir='ltr'><strong>occurrit.</strong></span> <span class='ocrx_word' id='word_1_343' title='bbox 1539 2103 1611 2143; x_wconf 87' lang='lat' dir='ltr'><strong>inf.</strong></span> <span class='ocrx_word' id='word_1_344' title='bbox 1630 2103 1755 2144; x_wconf 81' lang='lat' dir='ltr'><strong>activi</strong></span> <span class='ocrx_word' id='word_1_345' title='bbox 1863 2147 1865 2149; x_wconf 13' lang='lat' dir='ltr'>y</span> <span class='ocrx_word' id='word_1_346' title='bbox 1902 2135 1935 2167; x_wconf 51' lang='grc' dir='ltr'><strong>,Ξ</strong></span> 
     </span>
     <span class='ocr_line' id='line_1_40' title="bbox 201 2153 1935 2255; baseline 0.002 -62"><span class='ocrx_word' id='word_1_347' title='bbox 201 2162 278 2255; x_wconf 37' lang='lat' dir='ltr'><strong>&amp;I-</strong></span> <span class='ocrx_word' id='word_1_348' title='bbox 294 2153 475 2193; x_wconf 90' lang='lat' dir='ltr'><strong>Ovidium</strong></span> <span class='ocrx_word' id='word_1_349' title='bbox 515 2159 608 2193; x_wconf 88' lang='lat' dir='ltr'><strong>met.</strong></span> <span class='ocrx_word' id='word_1_350' title='bbox 650 2156 772 2206; x_wconf 88' lang='lat' dir='ltr'><strong>XIV,</strong></span> <span class='ocrx_word' id='word_1_351' title='bbox 792 2160 867 2195; x_wconf 83' lang='lat'><strong>830</strong></span> <span class='ocrx_word' id='word_1_352' title='bbox 908 2157 1065 2207; x_wconf 88' lang='lat' dir='ltr'><strong>legitur,</strong></span> <span class='ocrx_word' id='word_1_353' title='bbox 1106 2156 1256 2205; x_wconf 86' lang='lat' dir='ltr'><strong>passivi</strong></span> <span class='ocrx_word' id='word_1_354' title='bbox 1297 2160 1389 2195; x_wconf 89' lang='lat' dir='ltr'><strong>met.</strong></span> <span class='ocrx_word' id='word_1_355' title='bbox 1431 2156 1554 2207; x_wconf 88' lang='lat' dir='ltr'><strong>VIII,</strong></span> <span class='ocrx_word' id='word_1_356' title='bbox 1570 2160 1668 2196; x_wconf 83' lang='lat'><strong>460.</strong></span> <span class='ocrx_word' id='word_1_357' title='bbox 1703 2155 1753 2196; x_wconf 73' lang='lat' dir='ltr'><strong>F.</strong></span> <span class='ocrx_word' id='word_1_358' title='bbox 1852 2168 1935 2248; x_wconf 38' lang='grc' dir='ltr'><strong>ἐξ</strong></span> 
     </span>
     <span class='ocr_line' id='line_1_41' title="bbox 296 2208 1920 2258; baseline 0.004 -14"><span class='ocrx_word' id='word_1_359' title='bbox 296 2210 386 2245; x_wconf 89' lang='grc'>686.</span> <span class='ocrx_word' id='word_1_360' title='bbox 1857 2208 1920 2258; x_wconf 53' lang='lat'><strong>⁵²32}</strong></span> 
     </span>
     <span class='ocr_line' id='line_1_42' title="bbox 202 2259 1935 2310; baseline 0.003 -12"><span class='ocrx_word' id='word_1_361' title='bbox 202 2261 297 2298; x_wconf 88' lang='grc'>11101.</span> <span class='ocrx_word' id='word_1_362' title='bbox 326 2259 447 2310; x_wconf 86' lang='lat' dir='ltr'><strong>XIV,</strong></span> <span class='ocrx_word' id='word_1_363' title='bbox 464 2264 555 2299; x_wconf 89' lang='grc'>830.</span> <span class='ocrx_word' id='word_1_364' title='bbox 1396 2263 1497 2303; x_wconf 87' lang='lat' dir='ltr'><strong>Iuno</strong></span> <span class='ocrx_word' id='word_1_365' title='bbox 1915 2265 1935 2286; x_wconf 36' lang='grc' dir='ltr'><em>Α</em></span> 
     </span>
     <span class='ocr_line' id='line_1_43' title="bbox 588 2314 1633 2357; baseline 0.005 -5"><span class='ocrx_word' id='word_1_366' title='bbox 588 2314 690 2353; x_wconf 83' lang='grc' dir='ltr'>Ι1·111</span> <span class='ocrx_word' id='word_1_367' title='bbox 717 2315 769 2353; x_wconf 88' lang='lat' dir='ltr'><strong>ad</strong></span> <span class='ocrx_word' id='word_1_368' title='bbox 795 2316 1012 2356; x_wconf 83' lang='lat' dir='ltr'><strong>Hersiliam</strong></span> <span class='ocrx_word' id='word_1_369' title='bbox 1040 2316 1335 2357; x_wconf 87' lang='lat' dir='ltr'><strong>descendere</strong></span> <span class='ocrx_word' id='word_1_370' title='bbox 1361 2315 1487 2356; x_wconf 87' lang='lat' dir='ltr'><strong>limite</strong></span> <span class='ocrx_word' id='word_1_371' title='bbox 1514 2317 1633 2357; x_wconf 82' lang='lat' dir='ltr'><strong>curv‘o</strong></span> 
     </span>
     <span class='ocr_line' id='line_1_44' title="bbox 590 2367 805 2417; baseline 0.005 -11"><span class='ocrx_word' id='word_1_372' title='bbox 590 2367 805 2417; x_wconf 89' lang='lat' dir='ltr'><strong>imperat.</strong></span> 
     </span>
     <span class='ocr_line' id='line_1_45' title="bbox 202 2404 1757 2475; baseline 0.004 -18"><span class='ocrx_word' id='word_1_373' title='bbox 202 2418 393 2473; x_wconf 85' lang='lat' dir='ltr'><strong>postulo</strong></span> <span class='ocrx_word' id='word_1_374' title='bbox 422 2418 511 2467; x_wconf 89' lang='lat' dir='ltr'><strong>(Dr.</strong></span> <span class='ocrx_word' id='word_1_375' title='bbox 540 2432 577 2469; x_wconf 91' lang='lat' dir='ltr'><strong>p.</strong></span> <span class='ocrx_word' id='word_1_376' title='bbox 607 2423 703 2471; x_wconf 86' lang='lat'>389)</span> <span class='ocrx_word' id='word_1_377' title='bbox 732 2422 902 2463; x_wconf 83' lang='lat' dir='ltr'><strong>omnibus</strong></span> <span class='ocrx_word' id='word_1_378' title='bbox 944 2423 1182 2473; x_wconf 88' lang='lat' dir='ltr'><strong>temporibus</strong></span> <span class='ocrx_word' id='word_1_379' title='bbox 1224 2435 1304 2465; x_wconf 83' lang='lat' dir='ltr'><strong>acc.</strong></span> <span class='ocrx_word' id='word_1_380' title='bbox 1346 2434 1432 2465; x_wconf 89' lang='lat' dir='ltr'><strong>cum</strong></span> <span class='ocrx_word' id='word_1_381' title='bbox 1472 2422 1543 2465; x_wconf 81' lang='lat' dir='ltr'><strong>inf.</strong></span> <span class='ocrx_word' id='word_1_382' title='bbox 1584 2404 1757 2475; x_wconf 72' lang='lat' dir='ltr'><strong>excepit,</strong></span> 
     </span>
     <span class='ocr_line' id='line_1_46' title="bbox 203 2470 1802 2527; baseline 0.004 -17"><span class='ocrx_word' id='word_1_383' title='bbox 203 2481 319 2520; x_wconf 90' lang='lat' dir='ltr'><strong>quam</strong></span> <span class='ocrx_word' id='word_1_384' title='bbox 346 2476 581 2513; x_wconf 86' lang='lat' dir='ltr'><strong>structuram</strong></span> <span class='ocrx_word' id='word_1_385' title='bbox 609 2474 774 2516; x_wconf 85' lang='lat' dir='ltr'><strong>Ovidius</strong></span> <span class='ocrx_word' id='word_1_386' title='bbox 802 2487 898 2516; x_wconf 87' lang='lat' dir='ltr'><strong>unus</strong></span> <span class='ocrx_word' id='word_1_387' title='bbox 927 2477 976 2516; x_wconf 89' lang='lat' dir='ltr'><strong>de</strong></span> <span class='ocrx_word' id='word_1_388' title='bbox 1004 2477 1131 2526; x_wconf 88' lang='lat' dir='ltr'><strong>poetis</strong></span> <span class='ocrx_word' id='word_1_389' title='bbox 1157 2476 1377 2527; x_wconf 81' lang='lat' dir='ltr'><strong>Augusteis</strong></span> <span class='ocrx_word' id='word_1_390' title='bbox 1403 2470 1623 2527; x_wconf 66' lang='lat' dir='ltr'><strong>usurpiwit.</strong></span> <span class='ocrx_word' id='word_1_391' title='bbox 1649 2487 1688 2516; x_wconf 86' lang='lat' dir='ltr'><strong>a.</strong></span> <span class='ocrx_word' id='word_1_392' title='bbox 1716 2484 1755 2527; x_wconf 92' lang='grc'><strong>0.</strong></span> <span class='ocrx_word' id='word_1_393' title='bbox 1800 2496 1802 2498; x_wconf 94' lang='grc'>-</span> 
     </span>
     <span class='ocr_line' id='line_1_47' title="bbox 201 2524 1734 2580; baseline 0.008 -18"><span class='ocrx_word' id='word_1_394' title='bbox 201 2524 458 2574; x_wconf 72' lang='grc' dir='ltr'>Ι,323.1’0111</span> <span class='ocrx_word' id='word_1_395' title='bbox 488 2531 564 2566; x_wconf 87' lang='grc'><strong>698</strong></span> <span class='ocrx_word' id='word_1_396' title='bbox 593 2530 644 2567; x_wconf 91' lang='lat' dir='ltr'><strong>tr.</strong></span> <span class='ocrx_word' id='word_1_397' title='bbox 672 2528 725 2578; x_wconf 91' lang='lat' dir='ltr'><strong>V,</strong></span> <span class='ocrx_word' id='word_1_398' title='bbox 743 2531 781 2578; x_wconf 90' lang='grc'>4,</span> <span class='ocrx_word' id='word_1_399' title='bbox 810 2533 833 2567; x_wconf 92' lang='grc'>8</span> <span class='ocrx_word' id='word_1_400' title='bbox 862 2530 1036 2570; x_wconf 91' lang='lat' dir='ltr'><strong>omnibus</strong></span> <span class='ocrx_word' id='word_1_401' title='bbox 1063 2530 1125 2569; x_wconf 87' lang='lat' dir='ltr'><strong>his</strong></span> <span class='ocrx_word' id='word_1_402' title='bbox 1152 2529 1247 2574; x_wconf 85' lang='grc'>10013</span> <span class='ocrx_word' id='word_1_403' title='bbox 1273 2529 1344 2571; x_wconf 81' lang='lat' dir='ltr'><strong>inf.</strong></span> <span class='ocrx_word' id='word_1_404' title='bbox 1372 2529 1525 2580; x_wconf 70' lang='lat' dir='ltr'><strong>passivi-</strong></span> <span class='ocrx_word' id='word_1_405' title='bbox 1546 2524 1734 2580; x_wconf 55' lang='lat' dir='ltr'><strong>lem</strong></span> 
     </span>
    </p>
   </div>
   <div class='ocr_carea' id='block_1_12' title="bbox 1592 2272 1935 2884">
    <p class='ocr_par' dir='ltr' id='par_1_12' title="bbox 1592 2272 1935 2884">
     <span class='ocr_line' id='line_1_48' title="bbox 1820 2272 1935 2391; baseline 0 0"><span class='ocrx_word' id='word_1_406' title='bbox 1820 2272 1935 2391; x_wconf 95' lang='lat' dir='ltr'><strong>   </strong></span> 
     </span>
     <span class='ocr_line' id='line_1_49' title="bbox 1790 2391 1935 2550; baseline 0 0"><span class='ocrx_word' id='word_1_407' title='bbox 1790 2391 1935 2550; x_wconf 95' lang='lat' dir='ltr'><strong>  </strong></span> 
     </span>
     <span class='ocr_line' id='line_1_50' title="bbox 1748 2550 1935 2606; baseline 0 278"><span class='ocrx_word' id='word_1_408' title='bbox 1748 2550 1935 2606; x_wconf 95' lang='lat' dir='ltr'><strong> </strong></span> 
     </span>
     <span class='ocr_line' id='line_1_51' title="bbox 1592 2606 1935 2884; baseline 0 0"><span class='ocrx_word' id='word_1_409' title='bbox 1592 2606 1935 2884; x_wconf 95' lang='lat' dir='ltr'><strong>   </strong></span> 
     </span>
    </p>
   </div>
   <div class='ocr_carea' id='block_1_13' title="bbox 205 2628 1630 2678">
    <p class='ocr_par' dir='ltr' id='par_1_13' title="bbox 205 2628 1630 2678">
     <span class='ocr_line' id='line_1_52' title="bbox 205 2628 1630 2678; baseline 0.001 -9"><span class='ocrx_word' id='word_1_410' title='bbox 205 2632 249 2669; x_wconf 91' lang='lat' dir='ltr'><strong>et</strong></span> <span class='ocrx_word' id='word_1_411' title='bbox 274 2628 346 2669; x_wconf 83' lang='lat' dir='ltr'><strong>inf.</strong></span> <span class='ocrx_word' id='word_1_412' title='bbox 374 2631 516 2678; x_wconf 80' lang='lat' dir='ltr'><strong>posuit.</strong></span> <span class='ocrx_word' id='word_1_413' title='bbox 1625 2658 1630 2664; x_wconf 74' lang='grc'><strong>.</strong></span> 
     </span>
    </p>
   </div>
  </div>
 </body>
</html>
