1935 2884
197 128 411 184 ,queminus
439 130 596 169 vincere
632 128 734 169 idem
774 130 909 171 valere
953 129 1215 175 existimemus
1257 128 1356 177 quod
1396 123 1621 180 victoriam)
1638 120 1773 172 *nihilq*

208 182 383 232 impedit.
412 182 531 222 aliter
557 185 687 222 autem
714 194 778 222 res
807 195 850 222 se
879 184 999 222 habet
1025 195 1118 223 rem.
1148 187 1224 222 749
1252 194 1286 221 s.
1309 228 1316 232 ,
1444 233 1447 235 Β

306 236 309 237 ’
337 245 415 273 non
443 235 575 283 habet,
603 235 703 273 unde
731 246 840 273 suum
867 239 1078 283 paupertas
1105 238 1243 283 pascat
1268 237 1450 273 amorem‘.

337 297 414 326 non
441 290 573 326 tamen
601 286 673 325 hoe
700 286 804 326 tanti
830 290 904 335 est,
932 298 1079 336 pauper
1105 290 1156 325 ut.
1176 297 1264 325 esse
1290 285 1401 325 velis.

338 342 383 377 at
404 339 513 386 jtanti
541 338 613 377 tibi
640 339 695 378 sit
721 351 798 378 non
824 340 1024 387 indulgere
1052 339 1231 378 theatris.

208 390 312 428 nullo
341 392 451 428 modo
479 391 552 428 hoe
578 392 660 429 loco
691 391 939 439 „indulgere“
965 391 1069 440 idem
1098 393 1197 438 quod
1224 390 1465 437 indulgentia
1484 401 1572 427 esse
1599 391 1743 436 potest,

208 442 291 492 sed,
319 445 364 481 ut
390 453 440 481 ex
475 442 604 491 priore
644 454 762 483 versu
802 443 1054 493 intellegitur,
1096 455 1172 483 non
1213 442 1330 483 aliter
1372 441 1555 491 explicari
1597 442 1743 490 potest,

192 507 323 542 ⁴quarn
353 500 421 544 „ut
448 496 649 534 abstineas
677 496 882 545 theatris‚“
913 496 975 535 vel
1003 501 1047 535 ut
1074 497 1245 544 pluribus
1273 495 1403 534 verbis
1432 506 1587 534 sensum
1605 494 1743 532 redda-

207 558 291 586 mus
322 547 526 595 „pauperis
555 548 770 596 exemplum
798 549 895 587 satis
930 548 1001 586 tibi
1043 549 1095 587 sit
1135 549 1185 586 ad
1226 547 1493 586 abstinendum
1535 544 1740 595 theatris,“

207 599 422 639 infinitivus
450 600 570 648 igitur
596 600 724 640 finalis
754 612 841 640 esse
868 601 976 640 nobis
1003 601 1170 640 videtur.
1684 606 1691 608 *

315 652 505 691 Infinitivi
534 663 582 691 ex
611 654 867 692 substantivis
912 665 994 692 cum
1035 654 1154 692 verbo
1195 652 1438 692 substantivo
1480 651 1741 698 similtbusque

207 704 420 743 coniunctis
448 705 544 754 apti,
574 716 802 754 quamquam
831 705 1001 755 plurimis
1042 706 1134 745 locis
1176 705 1429 744 subiectorum
1457 714 1613 743 munere
1655 703 1742 743 fun-

206 760 363 806 guntur,
392 761 524 797 tamen
551 769 628 797 non
675 770 806 798 omnes
848 760 905 798 ita
946 759 1131 807 explicari
1171 761 1343 807 possunt.
1385 758 1596 796 locutiones
1639 757 1741 796 enim

206 810 441 858 compositae
469 812 657 857 quaedam
686 816 899 860 occurrunt,
928 823 1087 859 quarum
1120 811 1348 850 infinitivum
1392 810 1618 848 nominativi
1658 810 1740 848 loco

206 873 283 900 non
311 874 399 901 esse
427 867 603 912 apparet.
633 864 669 902 in
700 865 892 913 Lygdami
925 864 1091 903 carmine
1134 863 1235 914 (Tib.
1265 864 1344 913 ΙΙΙ,
1382 868 1415 911 1,
1446 861 1527 913 29.)
1556 862 1739 912 scriptum

206 915 399 954 videmus:

721 969 828 1007 dolor
857 969 944 1007 huic
971 973 1012 1007 et
1040 979 1133 1007 cura
1159 969 1340 1007 Neaerae

463 1020 635 1070 coniugis
664 1026 825 1071 ereptae
854 1033 969 1061 causa
996 1022 1124 1071 perire
1155 1021 1239 1061 fuit.

206 1073 307 1119 quod
335 1074 577 1112 enuntiatum
620 1075 718 1113 nihil
759 1075 863 1113 aliud
904 1075 1121 1122 significare
1162 1078 1292 1123 potest
1332 1086 1443 1122 quam
1490 1075 1620 1122 „dolor
1661 1078 1738 1114 etc.

205 1135 323 1163 causa
350 1126 538 1173 pereundi
566 1126 678 1165 fuit“.
707 1138 796 1165 nam
824 1130 908 1165 tota
935 1128 1153 1166 Latinitate
1181 1127 1322 1166 nullum
1351 1128 1564 1175 exemplum
1592 1130 1737 1177 exstat,

204 1177 270 1215 ubi
301 1178 465 1225 „causa“
497 1179 612 1217 alium
642 1191 771 1218 casum
800 1192 911 1227 quam
938 1181 1159 1228 genetivum
1189 1181 1343 1229 excipit.
1380 1181 1514 1228 quodsi
1548 1181 1649 1219 hunc
1681 1181 1738 1219 in·

203 1229 395 1268 finitivum
423 1232 598 1278 genetivi
625 1232 752 1270 instar
780 1244 865 1270 esse
894 1234 1103 1271 concedere
1139 1245 1298 1271 necesse
1341 1239 1413 1282 est,
1455 1233 1551 1271 nihil
1592 1234 1737 1283 obstat,

203 1282 403 1329 quominus
432 1284 566 1322 eodem
594 1285 703 1322 modo
732 1284 964 1333 explicemus
992 1286 1093 1324 locos
1127 1286 1326 1324 eiusmodi:

255 1338 348 1373 met.
378 1336 435 1385 X,
452 1340 500 1374 81
761 1338 901 1376 multas
929 1343 1058 1377 tamen
1087 1339 1202 1377 ardor
1230 1339 1399 1377 habebat

461 1388 622 1437 iungere
651 1400 693 1428 se
721 1390 816 1429 vati.

256 1442 302 1480 P.
332 1442 407 1492 IV,
426 1446 461 1490 7,
491 1447 542 1481 30
571 1442 681 1482 venit
707 1442 746 1481 in
775 1444 958 1482 adversos
986 1444 1152 1493 impetus
1180 1444 1237 1484 ire
1265 1444 1379 1484 viros.

255 1494 305 1534 cf.
334 1496 381 1534 F.
411 1496 486 1544 IV,
504 1501 578 1534 221
609 1496 709 1535 unde
738 1497 858 1546 venit,
887 1497 977 1547 dixi,
1006 1510 1076 1537 sua
1102 1499 1270 1537 membra
1298 1499 1456 1538 secandi

460 1549 639 1597 impetus.

254 1604 347 1639 met.
377 1601 433 1650 X,
452 1606 501 1639 83
647 1600 862 1651 (Orpheus)
890 1602 963 1641 fuit
991 1607 1125 1642 auctor
1152 1616 1318 1643 amorem

460 1655 499 1692 in
528 1657 684 1692 teneros
714 1655 927 1693 transferre
955 1668 1094 1694 mares.

201 1706 273 1744 hoc
300 1705 395 1755 loco,
423 1718 507 1745 cum
540 1712 757 1754 „auctorem
787 1719 873 1746 esse
900 1708 1013 1747 alicui
1041 1709 1120 1747 rei“
1151 1710 1215 1748 vel
1247 1711 1318 1758 „ad
1347 1710 1513 1759 aliquid“
1545 1724 1569 1751 a
1616 1713 1734 1763 scrip-

198 1759 349 1851 Eoribus
377 1760 571 1799 interdum
600 1760 742 1799 dictum
770 1760 834 1811 sit,
862 1765 905 1800 ut
931 1762 1142 1802 infinitivus
1171 1764 1294 1803 dativi
1316 1776 1463 1813 quoque
1488 1765 1541 1805 sit
1564 1766 1733 1818 numero,

228 1813 285 1850 eri
313 1817 456 1859 potest.

307 1866 386 1905 His
416 1865 600 1915 exemplis
630 1865 732 1905 effici
758 1866 851 1905 mihi
878 1867 1032 1907 videtur
1065 1868 1294 1909 infinitivum
1325 1882 1373 1909 ex
1401 1871 1614 1913 nominibus
1641 1884 1734 1922 pen-

198 1918 357 1957 dentem
386 1919 503 1958 etiam
531 1920 718 1969 genetivi,
747 1921 941 1968 superiore
979 1921 1099 1971 (tanti
1141 1925 1218 1974 est)
1261 1924 1385 1963 dativi
1427 1937 1583 1965 munere
1624 1927 1734 1975 fungi

197 1982 327 2020 posse.

306 2024 432 2065 Venio
474 2026 525 2064 ad
566 2026 760 2064 adiectiva
801 2027 962 2067 nomina.
1006 2040 1104 2076 quae
1145 2030 1340 2070 adiectiva
1387 2032 1438 2070 ab
1466 2032 1606 2073 ovidio
1648 2045 1732 2073 cum

196 2076 389 2117 infinitivo
417 2082 624 2128 ponuntur,
652 2090 829 2127 magnam
856 2085 1006 2129 partem
1034 2093 1118 2121 cum
1146 2083 1276 2123 dativo
1305 2085 1635 2126 substantivorum
1663 2091 1734 2127 aut

197 2140 281 2169 cum
311 2131 598 2180 praepositione
631 2133 725 2180 „ad“
763 2133 1052 2185 coniunguntur,
1086 2137 1186 2176 unde
1227 2137 1305 2177 vim
1344 2138 1500 2178 finalem
1539 2139 1732 2181 infinitivo

195 2183 327 2221 inesse
355 2188 534 2232 apparet.
563 2189 680 2232 atque
707 2185 935 2225 infinitivum
963 2199 1013 2226 ex
1039 2189 1232 2228 adjectivo
1263 2192 1425 2239 „natus“
1456 2196 1591 2241 aptum
1616 2192 1732 2233 finem

196 2236 406 2285 designare
445 2248 522 2276 non
563 2241 638 2287 est,
680 2239 779 2286 quod
813 2240 1080 2281 demonstrem.
1115 2254 1151 2282 v.
1181 2255 1216 2282 a.
1245 2245 1382 2295 11‚17-,
1414 2250 1476 2285 12.
1522 2258 1567 2295 „o
1607 2242 1732 2294 facies

195 2289 324 2328 oculos
352 2293 449 2328 nata
476 2293 612 2329 tenere
631 2291 777 2329 11111031ιι
809 2294 938 2333 eodem
957 2295 1067 2333 modo
1085 2295 1267 2336 infinitivi
1285 2298 1563 2342 adiectivorum
1594 2311 1731 2349 „para-

191 2343 272 2390 tus,
300 2342 439 2390 aptus“
484 2342 703 2391 explicandi
744 2353 829 2383 esse
870 2346 1061 2397 videntur,
1097 2360 1196 2397 quae
1223 2353 1304 2389 tam
1332 2362 1452 2400 saepe
1492 2346 1732 2402 substantivi

189 2393 370 2434 >dativum
397 2395 607 2446 excipiunt,
636 2399 680 2435 ut
707 2397 891 2447 exemplis
915 2411 990 2440 non
1017 2412 1112 2449 opus
1139 2402 1204 2442 sit.
1233 2403 1367 2444 eodem
1392 2402 1591 2453 adiectiv‘a
1621 2402 1754 2459 “pro-⁴

191 2447 344 2496 positus
372 2450 415 2487 et
441 2452 597 2498 certus„
627 2460 715 2489 mea
741 2452 937 2493 sententia
962 2454 1174 2502 pertinent.
1604 2498 1610 2501 ,,

192 2545 195 2546 ⁷
219 2532 222 2534 .
300 2501 521 2541 Praeterea
546 2502 744 2543 adiectiva
770 2506 977 2553 potestatis
1005 2510 1047 2560 et
1073 2509 1291 2550 votuntatis
1315 2521 1399 2551 cum
1422 2510 1745 2567 1111111111ν<1ξ11ς111-7

190 2552 417 2604 iunguntur,
472 2555 549 2606 qui,
577 2555 613 2595 si
638 2567 715 2596 non
741 2557 950 2612 consilium,
977 2562 1022 2599 at
1048 2561 1240 2608 actionem
1265 2566 1336 2604 aut
1360 2561 1562 2624 3118111111ᾲᾷ
1594 2564 1627 2612 ζ’
1642 2569 1744 2618 t,

191 2607 243 2650 ad
271 2618 371 2660 quae
398 2607 468 2648 illa
493 2611 675 2658 potestas
699 2613 769 2652 aut
794 2614 979 2653 votuntas
1008 2618 1163 2664 spectat
1189 2618 1232 2656 et
1258 2616 1299 2657 iu
1326 2617 1463 2667 quibus
1478 2612 1735 2679 persffimn

1645 2662 1705 2677 ⁵⁵⁵⁵⁵⁵⁵
