1935 2884
291 138 374 196 Ἦ,
401 145 426 182 9
454 143 522 185 cur
547 125 649 184 mihi
659 105 794 188 famu
809 107 929 197 prior
950 156 1081 206 ᾳιιιιιιι,
1089 142 1232 185 nuntia
1250 141 1428 191 littera
1454 139 1605 186 venit

302 193 348 243 5⁵7
439 195 539 237 isse
566 199 698 237 sacros
724 196 871 238 Martis
899 197 970 238 sub
996 193 1090 248 iuga
1106 189 1246 246 panda
1272 188 1447 236 boves?
1708 221 1735 234 »,
1813 224 1830 251 4
1852 196 1935 251 ἐξῆ

294 248 378 301 IX,
406 253 430 290 3
456 249 582 291 fama
606 250 865 302 Pelasgiadas
892 251 1018 292 subito
1044 249 1267 313 pervenit
1291 249 1334 301 ιιι
1360 249 1491 297 urbes,
1698 257 1700 260 ·
1789 251 1793 252 ’
1881 252 1884 255 ’

220 305 225 310 ‘
312 311 314 313 ’
443 315 554 353 quem
579 314 773 355 nunquam
799 306 906 346 Juuo
931 306 1133 368 seriesque
1160 305 1348 344 immensa
1374 304 1551 343 laborum

158 395 161 398 Δ
438 356 627 409 fregerit,
644 359 733 399 huic
757 355 901 400 Jolen
928 358 1213 409 imposuisse
1238 358 1381 407 iugum.

158 419 305 462 vspes.
332 410 514 451 Plautum
542 415 583 451 et
607 412 832 452 Ciceronem
859 413 983 453 secuti
1011 411 1099 463 (Dr.
1124 422 1163 461 p,
1186 412 1281 462 404)
1310 410 1502 451 Horatius
1531 408 1583 460 (c.
1602 420 1638 451 S.
1661 407 1729 459 73)

168 466 229 504 ,et
252 464 415 505 Ovidius
442 476 523 504 acc.
552 477 586 504 c.
614 465 682 505 inf.
711 470 934 514 posuerunt.
1062 499 1065 501 .

169 509 231 558 P.
246 517 317 567 ΙΙ,
348 523 384 567 7,
413 523 462 557 79
490 527 603 566 spes
631 530 779 568 quoque
806 529 943 568 posse
970 531 1078 558 mora
1104 517 1309 557 mitescere
1337 517 1523 566 principis
1551 516 1686 566 iram,

441 571 577 610 vivere
604 583 654 611 ne
681 572 796 611 nolim
824 571 1085 621 deficiamque,
1114 577 1240 610 cavet.

183 625 235 664 tr.
261 624 337 674 IV,
367 628 404 674 6,
433 628 483 663 49
511 635 588 663 una
615 627 746 664 tamen
773 635 884 673 spes
913 629 1008 675 est,
1036 635 1136 674 quae
1163 635 1225 663 me
1253 623 1401 663 soletur
1427 622 1467 662 in
1495 622 1598 673 istis,

439 677 551 717 haec
577 677 680 717 fore
708 682 832 717 morte
858 689 945 717 mea
971 689 1048 718 non
1076 678 1259 717 diuturna
1285 677 1402 716 mala.

86 2149 89 2151 ,
166 2114 349 2170 Livium,
376 2125 470 2164 quos
496 2115 614 2169 Prop.
641 2115 723 2165 III,
739 2119 803 2165 30,
832 2118 895 2155 28.
923 2115 998 2165 IV,
1016 2119 1081 2164 14,
1109 2120 1175 2155 11.
1198 2116 1250 2169 V,
1269 2120 1303 2165 1,
1335 2120 1397 2155 79.
1423 2093 1500 2156 O’v.
1526 2116 1570 2154 P.
1591 2116 1667 2166 IV,
1683 2120 1721 2155 7.

136 2222 138 2224 ,
181 2172 220 2208 4
232 2168 297 2214 F.
310 2165 399 2219 VI,
428 2172 505 2207 765
533 2167 668 2208 secuti
683 2170 786 2208 sunt.

181 732 276 769 met..
302 730 422 771 XIV.
452 735 541 770 566.
1052 775 1055 777 ,

0 828 26 843 ἱ
182 783 231 822 F.
259 783 334 833 VI,
362 787 439 822 393
467 792 582 831 posse
609 782 711 823 fame
738 783 868 824 vinci
895 793 1003 832 spes
1030 783 1222 824 excidit.

0 844 41 911 Ξ
182 835 232 929 ξ.
258 836 318 930 Η,
347 840 423 876 466
452 846 658 887 spemque
686 837 867 877 dabant
894 838 1032 879 salices
1061 837 1142 878 hos
1170 847 1318 887 quoque
1345 846 1485 886 posse
1513 834 1597 885 tegi

0 925 23 943 ἶ
185 943 269 983 her.
298 921 393 994 Ιώ,
425 947 474 983 14
503 953 628 992 spem
655 942 776 984 facit
802 944 875 983 hoc
900 944 1020 993 recipi
1046 955 1115 985 me
1142 955 1290 993 quoque
1316 953 1452 992 posse
1480 942 1603 982 modo.

188 1000 280 1036 met.
308 975 406 1047 VH,
435 1002 512 1036 304
541 1006 647 1045 spes
676 1001 751 1036 est
777 997 990 1046 virginibus
1017 998 1131 1037 Pelia
1158 998 1332 1037 subiecta
1359 996 1503 1035 cleatis

182 1104 201 1141 t
262 1102 343 1152 HI
360 1106 397 1153 5
425 1053 528 1142 2a-rte
555 1060 664 1142 suucm
690 1049 806 1142 1111111ιῇ
832 1050 1072 1089 revirescere
1098 1060 1238 1098 posse
1266 1054 1522 1098 parentem.

0 1125 23 1144 2·
201 1114 234 1143 r.
454 1119 476 1142 ο
505 1112 586 1151 spe
637 1114 691 1142 ra
731 1114 783 1143 or
810 1102 951 1152 exigua

0 1156 33 1199 232,
445 1155 579 1195 tristia
604 1156 719 1195 leniri
745 1156 927 1196 numina
953 1166 1089 1205 posse
1116 1156 1191 1196 dei.

0 1210 14 1262 J
181 1209 231 1249 F.
258 1210 316 1258 H,
345 1213 423 1248 334
451 1220 578 1258 spem
606 1209 736 1259 capit
762 1209 803 1248 ιιι
829 1209 989 1249 dominis
1016 1220 1123 1249 esse
1150 1209 1299 1258 soporis
1327 1208 1458 1248 idem.

181 1266 235 1302 131·.
261 1239 344 1312 ΙΙΙ,
374 1267 411 1311 5,
440 1267 491 1302 53
519 1273 629 1311 spes
657 1262 777 1312 igitur
804 1266 1023 1313 superest
1049 1262 1297 1314 facturum,
1331 1266 1376 1301 ut
1402 1261 1551 1301 molliat
1576 1260 1662 1310 ipse
1691 1273 1724 1301 s.

183 1315 234 1356 cf.
261 1316 309 1355 P.
336 1316 371 1366 Ι,
401 1320 437 1365 6,
466 1320 514 1355 27
545 1327 654 1365 spes
681 1316 802 1365 igitur
828 1316 949 1356 menti
974 1327 1171 1366 poenae,
1199 1316 1406 1366 Graecine,
1434 1315 1681 1355 levandae
1704 1345 1707 1347 -

438 1380 515 1408 non
543 1372 617 1408 est
644 1381 692 1409 ex
720 1370 936 1409 totosnulla
961 1370 1135 1409 relicta
1161 1381 1284 1409 meae.

180 1421 363 1472 signum
389 1432 415 1461 a
440 1422 644 1471 Draegero
672 1434 748 1462 nou
776 1426 1101 1462 commemoratur.

181 1478 274 1515 met.
300 1474 338 1524 Ι,
367 1479 445 1514 220
473 1474 609 1524 signa
637 1475 744 1514 dedi
770 1475 961 1515 venisse
989 1476 1128 1515 deum.

182 1527 375 1568 fiducia.
403 1526 450 1568 cf.
479 1529 556 1567 ΚΥ.
583 1539 621 1577 p.
652 1533 714 1568 75.
744 1529 818 1570 ov.
847 1540 883 1568 a.
912 1540 948 1568 a.
975 1530 1009 1578 Ι,
1038 1534 1130 1568 269.
1158 1529 1217 1578 Π,
1246 1533 1336 1568 349.

181 1592 217 1622 a.
245 1592 283 1622 a.
311 1581 348 1631 Ι,
376 1585 454 1621 269
481 1581 606 1631 prima
633 1585 726 1643 tuee
753 1582 874 1621 menti
900 1582 1068 1622 veniat
1094 1581 1275 1621 fiducia
1303 1592 1458 1621 omnes

0 1656 48 1731 ἓ
181 1686 309 1728 fides
335 1687 387 1727 ab
405 1645 550 1729 Οξιίιειέ
559 1646 710 1739 ἓξὲξ,
737 1688 926 1739 Terentii,
955 1688 1164 1738 Ciceronis,
1183 1688 1351 1738 Vergilii
1373 1688 1547 1737 exemplo
1573 1686 1627 1738 (v.
1647 1688 1721 1727 Dr.

0 1738 53 1792 [Ξ
181 1753 221 1791 p.
248 1745 340 1780 402.
368 1741 445 1781 Kr.
472 1753 510 1790 p.
543 1741 609 1792 75)
636 1753 722 1781 cum
748 1752 827 1781 acc.
858 1745 900 1781 et
926 1741 994 1781 inf.
1021 1742 1190 1791 ponitur.
1917 1791 1930 1796 ..

0 1795 30 1836 ,ἓξ
181 1795 230 1836 F.
257 1794 340 1845 HI,
371 1797 446 1834 145
474 1806 547 1834 nec
572 1795 667 1835 mihi
691 1806 817 1845 parva
842 1794 968 1835 fides
995 1807 1140 1835 annos
1169 1795 1259 1835 hinc
1285 1795 1381 1835 isse
1409 1794 1573 1844 priores.
1932 1841 1934 1843 ,

0 1838 32 1903 Ξῖ
53 1894 76 1904 ,ἢ
181 1825 376 1898 tempus.
405 1848 568 1889 Ovidius
595 1848 833 1898 Terentium,
862 1849 1099 1899 Ciceronem,
1127 1848 1223 1888 alios
1251 1851 1407 1888 secutus
1442 1847 1532 1898 (Dr.
1561 1861 1599 1897 p.
1627 1853 1723 1888 404.
1919 1847 1935 1904 J

0 1905 82 1949 ῥῖ’
180 1902 257 1948 Kr.
285 1912 326 1950 p·
357 1900 423 1951 74)
452 1912 533 1940 acc.
562 1912 594 1941 c.
623 1900 692 1940 inf.
721 1902 937 1951 usurpavit.
1922 1909 1935 1943 j

0 1948 53 2020 {g
181 1964 219 1995 a.
245 1954 307 2012 H,
335 1959 373 2006 9,
402 1958 452 1994 23
480 1965 547 1995 me
575 1965 725 2004 quoque

0 2022 57 2064 ἓ
438 2007 658 2048 defunctum
685 2008 836 2057 placide
863 2008 1026 2049 vivere
1053 2010 1230 2058 tempus
1259 2012 1375 2047 eiat.
1929 2024 1932 2057 3

0 2056 35 2095 ἑὲ
147 2065 149 2067 ’
179 2055 328 2102 testis
355 2072 439 2101 cum
466 2072 547 2101 acc.
575 2064 617 2101 et
643 2060 712 2101 inf.
739 2061 907 2111 positum
949 2064 1081 2101 exstat
1121 2073 1183 2111 ap.
1212 2062 1451 2111 Terentium,
1481 2062 1722 2113 Ciceronem,

627 2313 650 2321 x
