1935 2884
1118 221 1240 293 VIH.
1251 260 1409 305 ωηοι·
1421 298 1423 300 r
1432 248 1564 314 (Η).

317 374 354 398 -3
374 359 501 399 Tibulli
519 366 650 408 scriptis
657 376 768 415 supra
788 377 853 400 non
873 369 1030 426 separavi,
1052 359 1125 400 sed
1160 363 1333 422 ibnllianos
1352 377 1504 401 numeros
1524 368 1629 409 posui.

155 487 161 492 „
334 438 539 481 Accedunt
570 442 729 491 „posco“
760 445 802 481 et
832 443 1030 493 „potens“,
1058 441 1193 489 quibus
1219 442 1351 482 verbis
1385 442 1470 491 quis
1510 442 1658 491 primus
1699 443 1756 484 in-
1802 484 1805 487 ,
1830 462 1836 465 ·

90 524 98 534 2
223 491 413 532 finitivum
452 494 658 544 addiderit,
699 506 774 534 non
816 499 979 535 constat.
1021 495 1203 545 poscendi
1243 495 1345 534 enim
1390 496 1550 534 verbum
1590 490 1755 537 Ovidius
1781 542 1783 544 ¹
1852 530 1856 532 .

120 577 123 579 .
197 598 200 600 q
223 540 393 587 fortasse
419 546 600 587 Plautum
627 551 669 588 et
696 547 838 589 Culicis
865 552 1060 589 auctorem
1093 551 1249 587 secutus
1277 559 1362 587 cum
1388 547 1579 588 infinitivo
1606 548 1754 598 posuit,
1801 565 1804 569 “
1847 547 1849 549 ’

156 632 161 634 .
221 601 362 648 potens
389 597 518 643 autem
546 604 588 640 et
614 602 717 650 apud
733 602 936 641 Manilium
956 605 997 642 et
1015 602 1117 650 apud
1135 601 1315 642 Ovidium
1336 601 1569 641 infinitivum
1595 603 1754 652 excipit,

223 664 381 701 quorum
407 656 495 692 uter
522 654 627 703 prior
653 655 754 695 hanc
781 658 1014 695 structuram
1041 654 1250 704 usurparit,
1278 654 1479 694 diiudicari
1505 667 1581 695 non
1608 658 1753 705 potest.

330 706 372 747 Si
398 706 518 755 igitur
544 718 726 747 summam
752 708 926 758 facimus,
955 708 1134 749 Ovidium
1178 713 1253 747 196
1298 708 1428 747 verbis
1469 708 1699 748 infinitivum
1727 721 1754 749 a

160 753 162 755 ’
215 758 420 799 Ciceronis
448 770 591 808 genere
618 761 769 801 dicendi
795 761 960 800 alienum
989 761 1162 801 videmus
1190 760 1463 800 addidissent
1479 765 1611 800 autem
1628 762 1756 810 possit

222 812 319 862 fieri,
360 816 404 851 ut
437 813 616 853 Ovidium
658 826 742 853 cum
783 814 924 853 ceteris
965 813 1090 862 poetis
1132 813 1348 862 Augusteis
1390 825 1619 874 comparem,
1662 815 1754 863 quid

222 866 271 905 (13
299 876 428 904 eorum
454 864 635 906 infinitivi
661 878 733 906 usu
758 867 977 915 reppererit
1003 867 1078 905 ΚΓ.
1106 878 1143 914 p.
1176 871 1251 905 113
1279 865 1412 905 affero.
1448 867 1482 905 is
1511 867 1612 905 enim
1639 867 1760 923 primi

221 910 376 968 generis
405 931 466 968 ap.
494 920 710 969 Vergilium
739 925 788 959 63
817 921 938 959 verba
965 931 1164 959 occurreie
1193 918 1328 967 refert,
1356 932 1418 980 ap.
1448 919 1658 960 Horatium
1688 925 1752 970 73,

221 984 283 1020 ap.
312 972 501 1010 Tibullum
532 977 591 1022 18,
620 984 681 1021 ap.
710 973 954 1021 Propertium
983 978 1050 1020 283
1079 973 1240 1011 alterius
1268 973 1423 1020 generis
1451 984 1512 1021 ap.
1535 973 1753 1021 Vergilium

221 1029 286 1075 45,
314 1036 376 1074 ap.
405 1025 611 1065 Horatium
640 1030 704 1075 40,
732 1037 793 1075 ap.
827 1026 1016 1065 Tibullum
1059 1029 1094 1075 9,
1136 1037 1198 1075 ap.
1240 1026 1486 1075 Propertium
1530 1030 1597 1074 183
1641 1026 1753 1066 tertii

220 1079 376 1128 generis
403 1090 465 1128 ap.
493 1079 708 1128 Vergilium
737 1085 774 1130 2,
802 1091 863 1128 ap.
894 1080 1100 1118 Horatium
1129 1085 1165 1129 3,
1194 1091 1256 1128 ap.
1277 1079 1469 1118 Tibullum
1498 1084 1535 1129 3,
1562 1091 1625 1129 ap.
1655 1081 1752 1120 Pro-

220 1132 386 1183 pertium
414 1137 449 1171 4.
478 1133 638 1183 accedit,
666 1136 710 1172 ut
737 1145 798 1182 ap.
819 1133 1033 1181 Vergilium
1062 1137 1083 1171 5
1109 1133 1231 1172 verba
1249 1132 1509 1183 inveniantur,
1529 1144 1629 1181 quae
1646 1134 1752 1183 apud

221 1197 331 1234 quem
366 1186 592 1235 scriptorem
632 1186 794 1235 primum
817 1187 1030 1235 ,excipiant
1069 1185 1311 1235 infinitivum,
1353 1186 1541 1225 incertum
1583 1190 1658 1235 est,
1686 1198 1749 1236 ap.

220 1239 428 1278 Horatium
457 1244 492 1289 5,
521 1241 623 1288 apud
650 1239 840 1278 Tibullum
871 1244 905 1289 1,
925 1240 1027 1288 apud
1054 1239 1299 1287 Propertium
1328 1244 1364 1278 2.
1401 1240 1504 1288 apud
1532 1239 1750 1289 Vergilium
1787 1287 1799 1293 χ

219 1292 340 1341 igitur
370 1297 456 1342 115,
484 1304 546 1341 ap.
575 1293 782 1332 Horatium
813 1297 900 1342 121,
929 1304 990 1341 ap.
1019 1292 1207 1331 Tibullum
1237 1297 1301 1342 23,
1329 1304 1392 1341 ap.
1422 1293 1669 1341 Propertium
1698 1298 1749 1332 52

220 1345 400 1384 infinitivi
427 1350 645 1384 structurae
673 1357 698 1384 a
725 1345 921 1385 Ciceronis
949 1356 1093 1393 genere
1121 1345 1271 1384 dicendi
1304 1345 1457 1384 alienae
1489 1346 1749 1394 reperiuntur.

221 1410 314 1447 quos
333 1410 508 1438 numeros
529 1398 563 1438 si
581 1410 664 1437 cum
683 1398 884 1439 Ovidianis
905 1397 1170 1447 componimus,
1191 1398 1384 1448 Ovidium,
1404 1398 1510 1438 cuius
1530 1398 1750 1439 carmimum

219 1452 385 1491 ambitus
418 1452 504 1500 plus
537 1452 661 1490 altero
688 1455 798 1490 tanto
826 1452 947 1490 maior
975 1454 1037 1489 est
1078 1463 1190 1499 quam
1218 1452 1397 1501 Vergilii,
1439 1452 1504 1499 qui
1544 1451 1697 1490 minime
1725 1463 1751 1490 a

220 1504 380 1543 classico
399 1516 573 1543 sermone
591 1504 770 1553 recessit,
788 1504 875 1542 huic
893 1503 1008 1541 etiam
1027 1508 1230 1551 praestare
1245 1508 1422 1552 apparet.
1439 1504 1749 1552 computantibus

220 1561 349 1597 autem
376 1557 497 1606 nobis,
526 1560 619 1605 quot
646 1568 789 1607 earum,
831 1557 878 1595 de
920 1557 1053 1604 quibus
1095 1557 1254 1606 egimus,
1296 1560 1578 1596 structurarum
1606 1556 1748 1597 Ovidio
1792 1563 1795 1565 '

220 1616 303 1651 cum
331 1611 471 1650 ceteris
499 1610 624 1659 poetis
653 1609 867 1659 Augusteis
896 1621 1108 1649 communes
1138 1610 1228 1660 sint,
1257 1621 1436 1649 numerus
1466 1614 1514 1649 73
1544 1609 1724 1649 efficitur.

320 307 392 362 >fs-i·
398 319 453 359 ,ut
458 322 573 357 brevis
585 333 698 365 3333111,
717 324 882 368 Lygdmni
900 326 1049 377 3138133,
1210 335 1284 361 uum
1302 312 1496 366 1133331133,
1507 325 1672 376 Sulpiciae
1686 335 1761 360 αιτ-
