1935 2884
203 223 314 267 muti,
309 200 411 276 ΙΧ,
427 229 517 265 259.
862 229 1025 269 coniunx
1052 241 1201 279 quoque
1228 229 1340 279 regia
1366 229 1456 270 visa
1483 232 1548 269 est

594 283 728 320 cetera
755 293 831 322 non
858 282 965 333 dur0,
994 284 1088 324 duro
1115 287 1247 324 tamen
1276 282 1412 326 ultima
1438 281 1552 324 vultu

591 334 696 373 dicta
723 335 860 375 tulisse
886 314 993 376 Iovis
1020 348 1148 386 seque
1173 336 1435 377 indoluisse
1462 335 1685 376 notatam.
1726 355 1729 356 ⁷

81 426 83 428 ,
176 425 179 428 ,
205 383 401 435 suspiro
429 386 592 428 Ovidius
611 388 784 429 Lucretii
803 387 878 440 (Π,
896 389 1014 440 1165)
1035 390 1209 440 exemplo
1238 402 1321 430 cum
1347 402 1428 431 acc.
1457 393 1499 430 et
1519 389 1591 430 inf.
1609 388 1754 440 posuit.

206 442 266 479 11.
286 439 322 489 Ι,
340 444 375 490 1,
391 445 454 481 27.
588 439 764 482 invenies
792 443 968 493 aliquem,
996 445 1060 493 qui
1086 455 1153 483 me
1181 445 1395 493 suspiret
1421 445 1703 493 ademptum.

163 521 166 524 ⁴
206 484 358 542 gemo.
387 505 466 533 acc.
496 497 538 533 et
564 495 632 535 inf.
661 499 858 536 structura
883 509 946 546 ap.
966 498 1064 537 Hor.
1094 508 1155 546 ep.
1183 499 1217 547 Ι,
1235 503 1297 548 15,
1314 503 1349 538 7.
1379 502 1443 548 20,
1458 501 1496 537 4.
1525 500 1569 537 et
1593 508 1658 547 ap.
1678 496 1755 537 Ov.

208 546 388 586 occurrit.

209 603 302 640 met.
330 601 413 651 ΙΠ,
430 606 492 640 94.
589 626 591 628 -
1390 603 1541 654 (arbor)
1567 604 1670 644 imae

592 658 706 703 parte
733 635 975 705 flagellari
1002 657 1176 706 gemuit
1203 668 1285 696 sua
1311 658 1480 696 robora
1507 657 1668 696 caudae.

208 704 316 745 fleo.
352 706 441 746 huic
467 707 585 747 verbo
614 708 775 748 Ovidius
802 721 932 748 omnes
960 713 1095 758 poetas
1115 709 1341 758 Augusteos
1369 713 1526 749 secutus
1554 721 1636 749 acc.
1665 720 1752 749 cum

199 758 279 799 inf.
309 760 460 800 addidit
486 772 579 801 rem.
611 766 698 801 778.
728 774 764 802 a.
792 763 827 812 I,
845 768 882 813 7,
914 768 974 802 16.
1003 764 1086 803 1161.
1114 764 1149 813 Ι,
1168 768 1228 802 18.
1257 775 1295 803 v.
1324 764 1399 803 Kr.
1426 773 1464 812 p.
1495 768 1546 803 44
1575 775 1607 803 s.

208 824 354 864 aegre
381 813 485 854 fero
526 816 739 857 accusativi
780 828 863 856 cum
902 816 970 856 inf.
1012 819 1248 857 stiuctmam
1288 817 1452 858 Ovidius
1494 829 1520 856 a
1561 816 1751 858 Cicerone

207 868 371 916 recepit.

155 936 161 938 -
207 925 299 960 met..
327 922 431 971 XII,
449 927 523 961 533
544 932 892 972 oppressumque
908 935 1049 973 aegre
1064 923 1251 964 tulimus
1265 927 1326 964 tot
1340 925 1389 964 ab
1404 924 1580 964 hostibus
1597 934 1750 964 unum.

207 975 431 1023 indignor
459 977 546 1021 (Dr.
575 986 611 1023 p.
641 982 730 1016 373.
759 979 832 1016 Kr.
863 977 930 1026 44)
959 989 983 1016 a
1008 978 1208 1026 Cicerone,
1228 979 1414 1027 Caesare,
1439 978 1526 1017 aliis
1554 989 1639 1016 cum
1665 987 1749 1017 acc.

210 1031 255 1066 et
281 1028 349 1066 inf.
380 1029 545 1076 positum
574 1030 776 1080 Horatius,
804 1030 1013 1081 Vergilius,
1033 1030 1196 1071 Ovidius
1225 1034 1522 1079 usurpaverunt.
1552 1031 1627 1071 ΟΥ.
1655 1033 1750 1069 met.

210 1081 291 1130 XI,
310 1086 397 1120 787.
426 1085 517 1120 met.
547 1082 667 1132 XIV,
684 1088 773 1122 391.

207 1137 299 1174 met.
328 1135 447 1185 XIV,
465 1139 554 1174 391.
592 1147 721 1184 seque
748 1147 884 1176 novam
913 1137 1037 1176 subito
1066 1136 1194 1176 Latiis
1222 1137 1455 1176 accedere
1483 1136 1594 1177 silvis

591 1189 866 1238 indignatus
894 1202 1016 1229 avem.

208 1241 406 1281 invideo
435 1240 524 1290 (Dr.
552 1252 590 1290 p,
620 1244 715 1291 374)
744 1243 920 1292 Plautus,
949 1244 1102 1283 Caelius
1147 1242 1224 1292 (ap.
1269 1243 1350 1283 Cic.
1393 1242 1485 1282 fam.
1529 1248 1566 1292 8,
1609 1247 1646 1293 4,
1692 1243 1749 1292 1.)

209 1295 408 1335 Horatius
438 1307 522 1334 cum
552 1307 631 1335 acc.
661 1299 702 1335 et
728 1296 796 1335 inf.
825 1301 1043 1347 posuerunt,
1064 1308 1157 1345 quos
1186 1297 1349 1337 Ovidius
1377 1300 1534 1336 secut-us
1562 1299 1636 1336 est.

208 1352 300 1388 met.
329 1350 404 1399 IV,
423 1353 509 1388 156.
1056 1362 1150 1397 quos
1179 1350 1275 1388 hora
1301 1350 1512 1388 novissima
1539 1350 1679 1399 iunxit,

593 1402 798 1450 componi
824 1402 966 1441 tumulo
993 1414 1066 1441 non
1095 1402 1355 1442 invideatis
1385 1403 1530 1442 eodem.

207 1455 363 1495 miror.
391 1455 605 1495 accusativi
633 1467 716 1494 cum
743 1455 810 1495 inf.
840 1454 1070 1504 structuram
1103 1456 1243 1494 Plauto
1278 1459 1320 1494 et
1347 1456 1525 1495 Ciceroni
1560 1455 1748 1494 usitatam

212 1508 301 1556 (Dr.
330 1518 367 1557 p.
398 1510 493 1559 374)
524 1518 654 1547 omnes
674 1512 822 1556 poetae
849 1508 1042 1557 Augustei
1082 1513 1241 1556 praeter
1268 1509 1459 1547 Tibullum
1500 1511 1747 1556 receperunt.

209 1563 327 1610 Prop.
356 1563 391 1610 Ι,
410 1567 471 1611 14,
503 1567 539 1601 3.
568 1563 642 1602 OV.
670 1565 762 1600 met.
789 1563 824 1612 I,
842 1567 929 1600 603.
957 1563 1030 1602 VI.
1048 1566 1136 1600 269.
1178 1562 1276 1610 VH,
1293 1567 1382 1600 370.
1428 1566 1517 1600 538.
1560 1562 1665 1610 XH,
1683 1566 1747 1599 87.

209 1616 331 1663 XIV,
349 1593 436 1654 162.
480 1620 569 1654 389.
610 1615 706 1664 XV,
723 1619 812 1654 410.
853 1615 936 1653 hel.
976 1615 1096 1664 XVI,
1114 1619 1201 1653 171.
1252 1618 1302 1654 11.
1343 1615 1379 1681 Ι,
1398 1619 1459 1664 11,
1503 1619 1539 1653 9.
1581 1615 1639 1664 ΙΙ,
1656 1618 1748 1653 237.

209 1722 431 1771 admiror,
460 1721 558 1769 quod
585 1721 743 1760 verbum
784 1730 846 1767 ap.
877 1720 1099 1760 Ciceronem
1141 1719 1302 1767 primum
1330 1718 1384 1765 (v.
1427 1719 1500 1758 Dr.
1533 1719 1629 1768 ibd.)
1666 1730 1748 1759 acc.

213 1786 298 1814 cum
325 1773 394 1813 inf.
424 1773 578 1823 excipit,
620 1773 781 1814 Ovidius
813 1784 911 1812 unus
944 1773 990 1811 de
1029 1773 1155 1820 poetis
1196 1771 1412 1821 Augusteis
1452 1772 1614 1821 recepit.
1655 1776 1749 1812 met.

209 1828 337 1877 ΧΠΙ,
354 1832 442 1866 307.
472 1828 518 1866 P.
546 1828 603 1876 11,
620 1832 656 1874 3,
687 1831 751 1865 21.
1620 1845 1622 1847 »

209 1883 302 1920 11161.
331 1881 389 1931 ΙΙ,
405 1884 494 1919 208.
593 1879 831 1926 interiusque
859 1878 938 1917 suis
966 1877 1160 1916 fraternos
1188 1888 1381 1916 currere
1408 1877 1523 1916 Luna

595 1932 809 1971 admiratur
836 1942 963 1979 equos.

0 1982 50 2029 ,ἑ
194 1987 450 2027 'attonitus
478 1998 572 2025 sum
599 1997 680 2024 cum
709 1996 787 2024 acc.
817 1987 859 2023 et
884 1983 952 2023 inf.
994 1982 1230 2022 coniunctum
1273 1995 1348 2021 non
1391 1986 1526 2021 exstat
1562 1983 1642 2022 nisi
1682 1993 1747 2031 aP.

115 2037 120 2041 ’
210 2040 285 2081 Ov.
313 2044 404 2079 met.
433 2040 636 2089 V11,42e

514 2102 517 2104 ’
592 2090 827 2131 attonitus
854 2091 983 2128 tamen
1011 2090 1084 2127 est
1113 2087 1250 2137 ingens
1279 2087 1498 2128 discrimine
1525 2097 1648 2150 parvo

0 2140 29 2195 Ξ.
591 2143 776 2183 committi
802 2142 1013 2192 potuisse
1039 2141 1221 2181 nefasfi

0 2225 85 2253 ³
160 2240 163 2244 .
955 2227 993 2266 d.

121 2294 126 2297 ”
209 2307 346 2356 Verba
373 2305 535 2356 dicendi,
563 2314 662 2353 quae
689 2302 867 2352 vulgaria
893 2304 995 2351 sunt,
1022 2301 1170 2351 omitto,
1196 2301 1273 2341 nisi
1300 2301 1401 2351 quod
1428 2311 1495 2341 eos
1520 2291 1626 2344 100οἑ
1649 2311 1749 2340 com-

209 2413 541 2467 substantivorum
566 2410 795 2460 praedicata
822 2412 925 2449 sunt.

209 2461 334 2510 fai-ma
359 2460 532 2506 refert.
559 2465 606 2504 P.
634 2464 716 2514 ΠΙ,
732 2468 769 2514 2,
798 2467 862 2502 51.
884 2462 964 2512 IV,
984 2465 1022 2511 3,
1047 2465 1111 2501 28.
1130 2463 1181 2501 tr.
1199 2462 1252 2511 V,
1269 2465 1331 2512 12,
1353 2465 1415 2501 12.
1434 2471 1563 2500 rumor
1525 2453 1749 2551 perfert:

187 2514 257 2583 [P.
260 2517 346 2590 Ῑᾙ,
362 2523 397 2581 12
425 2522 489 2559 49.

186 2623 391 2670 cumini·
419 2622 603 2690 excipit.

174 2382 176 2384 >
208 2364 400 2410 memoro,'
417 2359 552 2408 quibus
579 2356 802 2408 perferendi
821 2359 872 2395 et
898 2354 1097 2394 referendi
1113 2333 1237 2394 verba
1267 2353 1475 2404 „rumoris“
1506 2356 1550 2393 et
1570 2352 1746 2404 ‚Q‘famae
1799 2360 1802 2363 ⁴
1851 2362 1855 2364 ’
