1935 2884
818 57 882 106 4ὲέ
916 62 981 108 20Α
1010 70 1075 102 ÷<·-·

174 168 236 236 V.
286 160 367 236 De
417 165 567 235 nudo
617 163 909 242 infinitivo,
961 161 1054 247 qui
1091 154 1433 228 accusativi
1479 168 1935 226 numero

176 256 511 350 plerumque
546 261 742 330 verbis
779 259 1012 328 additus
1053 260 1164 335 est,
1205 272 1319 339 ⁴quo
1364 251 1528 320 verbi
1570 249 1719 319 finiti
1766 254 1769 257 ’
1924 290 1930 298 ψ

372 358 528 427 notio
574 359 677 443 per
719 375 789 426 se
833 355 1129 424 indefinita
1171 350 1531 445 suppleatur.

179 480 365 521 Omnibus
395 489 444 516 ex
471 477 616 526 verbis,
645 488 744 525 quae
763 478 987 524 sequuntur,
1014 477 1174 523 praeter
1191 473 1270 519 illa,
1300 481 1399 519 quae
1426 481 1464 518 p.
1487 474 1509 508 5
1539 480 1571 529 S:
1599 467 1719 527 nomi-

179 533 301 573 natim
329 531 457 582 attuli,
493 530 707 571 infinitivus
751 528 962 569 accusativi
1003 528 1084 567 loco
1125 527 1281 576 pendet.
1324 535 1494 573 quorum,
1536 533 1583 571 31,
1627 520 1721 569 quld

180 586 412 635 significent,
442 588 672 633 spectemus,
702 584 799 622 haec
826 594 971 630 genera
999 580 1272 629 distinguenda
1300 590 1387 617 esse
1416 576 1611 616 existimo:

180 652 217 678 a.
245 639 380 687 verba,
409 638 545 686 quibus
573 636 783 685 potestatis
811 635 914 674 notio
942 634 1047 673 inest
1075 637 1116 673 et
1143 632 1350 672 contraria.

182 705 218 731 a.
247 692 369 731 verba
396 689 591 739 propensi,
620 689 790 738 adversi,
819 687 921 727 dubii
951 687 1079 726 animi.

182 757 212 783 0.
247 745 370 783 verba
397 743 533 782 orandi
561 753 767 790 eorumque
795 741 944 781 similia.

182 799 220 836 (1.
250 798 371 836 verba
399 795 559 834 consilii.

184 863 217 889 e.
252 850 374 889 verba
401 849 518 887 dandi
547 854 588 886 et
615 847 823 886 contraria.

183 904 211 942 f.
250 904 372 942 verba
400 900 621 950 incipiendi,
649 900 849 950 pergendi,
877 898 1090 949 desinendi,
1119 897 1271 938 similia.

184 968 222 1004 g.
250 956 373 995 verba
401 954 613 993 festinandi
642 958 683 992 et-
711 952 1001 1002 perseverandi.

186 1010 225 1047 h.
253 1009 376 1048 verba
404 1007 576 1046 discendi
605 1009 646 1045 et
673 1005 845 1045 docendi.

184 1063 210 1101 1.
253 1062 375 1100 verba
403 1059 666 1099 assuescendi.

184 1115 210 1152 1.
253 1115 412 1152 verbum
439 1112 671 1161 paciscendi.

185 1179 234 1205 111.
254 1166 413 1205 verbum
440 1164 626 1204 merendi.

185 1232 223 1258 11.
253 1220 412 1257 verbum
439 1217 617 1257 vacandi.

187 1284 221 1311 o.
255 1272 378 1311 verba
405 1270 624 1309 affectuum.

186 1338 224 1374 p.
253 1326 377 1364 verba
403 1323 625 1373 impellendi
654 1326 696 1362 et
722 1323 912 1365 mittendi.

941 1408 977 1436 a.

187 1464 342 1502 valeo.
371 1464 420 1501 de
448 1462 560 1501 huius
588 1462 699 1501 verbi
727 1473 799 1501 usu
842 1462 1108 1501 disseruerunt
1148 1462 1220 1500 Dr.
1262 1474 1299 1509 p.
1342 1465 1418 1500 293
1461 1461 1536 1500 Kr.
1579 1469 1616 1508 p.
1662 1463 1726 1498 23.

187 1516 352 1556 Ovidius
380 1515 617 1563 Lucretium,
645 1515 866 1563 Horatium,
894 1515 990 1553 alios
1019 1517 1172 1553 secutus
1200 1513 1268 1552 inf.
1297 1514 1426 1562 posuit
1452 1517 1544 1552 met.
1573 1513 1631 1562 II,
1662 1516 1726 1552 59.

190 1574 280 1607 192.
308 1570 406 1617 VII,
436 1573 525 1616 577,
554 1568 634 1615 IX,
670 1572 759 1606 434.
793 1568 894 1615 XII,
942 1572 1029 1605 101.
1058 1568 1184 1615 ΧΠΙ,
1228 1571 1316 1605 310.
1360 1572 1449 1605 393.
1494 1567 1592 1614 XV,
1635 1571 1726 1605 318.

189 1625 279 1660 547.
308 1621 391 1659 her.
420 1621 524 1669 XII,
556 1625 643 1658 166.
672 1631 707 1658 a.
737 1631 772 1658 a.
802 1620 836 1669 I,
866 1624 954 1658 561.
983 1623 1034 1658 tr.
1062 1620 1143 1669 III,
1174 1625 1209 1669 6,
1242 1624 1302 1658 18.
1335 1624 1397 1669 11,
1426 1624 1489 1657 22.
1509 1619 1558 1659 F.
1577 1620 1724 1669 1,337.

188 1686 250 1723 ap.
280 1674 472 1713 Tibullum
500 1673 665 1713 occurrit
691 1674 767 1723 IV,
799 1678 833 1722 1,
862 1678 897 1712 2.

189 1727 336 1765 habeo
365 1727 465 1764 idem
493 1726 630 1765 valens
660 1727 759 1773 quod.
790 1726 987 1773 „possum“
1018 1738 1093 1764 non
1121 1726 1240 1764 solum
1268 1737 1329 1774 ap.
1360 1726 1440 1765 Cic.
1470 1727 1580 1765 Suet.
1604 1725 1730 1766 Gelli-

189 1791 263 1829 um,
291 1782 336 1818 ut
363 1779 420 1817 ait
448 1779 630 1827 Draeger
656 1790 694 1827 p.
730 1782 820 1823 294,
863 1781 1006 1828 exstat,
1049 1779 1118 1818 sed
1159 1779 1276 1818 etiam
1315 1790 1384 1828 ap.
1413 1778 1594 1819 Ovidium
1635 1781 1728 1818 met.

188 1833 270 1881 IX,
301 1837 389 1871 658.
420 1835 469 1871 tr.
498 1833 533 1881 Ι,
565 1836 599 1880 1,
631 1836 719 1870 123.
747 1832 794 1870 P.
822 1832 902 1881 HI,
935 1837 969 1881 1,
1000 1837 1061 1871 82.

189 1889 240 1924 tr.
267 1886 303 1934 Ι,
335 1890 449 1932 1,123
479 1885 591 1933 plura
619 1884 779 1932 quidem.
798 1885 1017 1924 mandare
1045 1885 1128 1934 tibi,
1157 1885 1191 1924 si
1219 1885 1386 1935 quaeris,
1415 1885 1657 1924 habebam.

190 1938 302 1977 scio.
332 1938 380 1976 de
409 1938 483 1976 hac
510 1941 705 1976 structura
734 1938 805 1976 Dr.
832 1950 869 1986 p.
900 1942 976 1977 295
1006 1941 1047 1976 et
1073 1939 1148 1977 ΚΥ.
1176 1951 1214 1987 p.
1244 1944 1293 1977 22
1330 1942 1508 1987 egerunt.
1542 1936 1730 1986 exemplis

190 1991 240 2030 ab
268 1991 315 2030 iis
344 1990 476 2030 allatis
504 1991 604 2030 addo
632 1991 731 2030 Hor.
761 2002 795 2030 a.
825 2003 861 2039 p.
891 1996 954 2031 20.
988 1996 1075 2030 158.
1105 1996 1194 2031 273.
1224 1997 1313 2031 316.
1336 1995 1428 2031 424.
1448 2003 1509 2041 ep.
1527 1992 1564 2043 Ι,
1582 1996 1645 2041 17,
1667 1993 1729 2030 14.

189 2045 307 2092 Prop.
337 2045 411 2094 IV,
428 2049 465 2094 2,
494 2047 559 2084 49.
587 2044 662 2084 ov.
691 2055 727 2082 a.
756 2055 792 2082 a.
824 2049 963 2094 1,131.
991 2045 1073 2095 111,
1105 2050 1193 2084 199.
1222 2050 1313 2084 349.
1343 2050 1432 2085 354.
1463 2050 1555 2085 544.
1575 2048 1626 2084 tr.
1644 2044 1730 2095 ΠΙ,

193 2102 255 2146 11,
284 2102 348 2135 39.

188 2149 360 2188 nescio.
390 2148 478 2199 (Dr.
507 2161 545 2197 p.
576 2153 665 2187 295.
693 2150 768 2188 Kr.
799 2150 877 2200 22.)
906 2162 968 2198 ap.
997 2152 1097 2190 Hor.
1125 2151 1255 2190 nescio
1298 2163 1418 2200 saepe
1458 2150 1528 2190 inf.
1573 2150 1731 2199 excipit.

189 2214 228 2241 v.
256 2203 444 2251 Zangem.
477 2214 507 2241 3.
537 2212 574 2241 v.
604 2202 744 2241 nescio.
774 2214 835 2251 ap.
864 2203 949 2243 Tib.
978 2204 1013 2254 Ι,
1032 2209 1067 2254 6,
1097 2208 1159 2243 34.
1190 2216 1251 2253 ap.
1281 2205 1397 2254 Prop.
1440 2205 1515 2255 IV,
1560 2208 1623 2253 14,
1665 2207 1730 2243 44.

194 2261 255 2305 18,
277 2260 313 2295 4.
339 2267 402 2304 ap.
432 2256 507 2296 Ov.
528 2267 563 2294 a.
584 2266 619 2294 a.
648 2255 730 2305 III,
752 2260 813 2294 41.
836 2261 924 2296 320.
946 2261 1035 2296 367.
1063 2269 1095 2296 r.
1117 2262 1206 2298 344.
1235 2259 1281 2297 P.
1309 2259 1345 2306 Ι,
1375 2263 1412 2308 3,
1442 2263 1492 2297 23
1521 2257 1733 2298 invenitur.

189 2309 300 2349 novi
329 2310 431 2349 Cato
459 2309 603 2358 primus
632 2320 715 2347 cum
742 2308 809 2347 inf.
839 2310 1044 2349 coniunxit.
1074 2322 1111 2350 v.
1140 2312 1215 2350 Kr.
1245 2324 1282 2361 p.
1313 2317 1376 2352 23.
1420 2311 1502 2351 eius
1545 2310 1733 2361 exemplis

191 2363 294 2402 addo
323 2363 411 2402 Tib.
439 2363 521 2412 ΙΙΙ,
551 2365 588 2411 4,
618 2366 681 2401 46.
711 2363 784 2403 Ov.
813 2363 893 2403 her.
923 2364 998 2414 VI,
1029 2369 1091 2404 53.
1124 2369 1211 2404 124.
1232 2377 1268 2404 a.
1297 2367 1332 2416 Ι,
1361 2371 1398 2416 3,
1429 2370 1465 2405 6.
1494 2365 1640 2415 accipe,
1669 2362 1735 2414 qui

188 2427 289 2465 pura
315 2415 444 2455 norit
470 2426 627 2455 amare
655 2414 746 2455 fide.

944 2492 981 2531 b.

188 2552 311 2602 volo,
338 2553 462 2603 nolo,
489 2553 625 2603 malo,
654 2553 807 2603 cupio,
839 2558 881 2594 ut
914 2567 1013 2604 quae
1054 2567 1172 2606 saepe
1213 2560 1429 2607 occurrant,
1470 2568 1547 2597 non
1588 2555 1735 2607 curavi,
1780 2602 1782 2604 ,

187 2606 266 2647 11131
294 2606 395 2656 quod
422 2607 632 2646 notandum
661 2618 748 2646 esse
776 2609 911 2656 putavi
936 2609 1207 2659 imperativum
1246 2610 1369 2660 ,‚noli“
1414 2614 1575 2660 praeter
1614 2609 1736 2661 opini-

189 2672 301 2701 onem
328 2671 459 2701 rarum
487 2671 593 2701 esse:
622 2663 704 2700 met
730 2661 810 2712 XI,
840 2667 928 2703 662.
958 2674 994 2702 a.
1023 2675 1059 2703 a.
1086 2664 1122 2714 Ι,
1151 2668 1242 2704 479.
1270 2676 1365 2705 rem.
1396 2669 1485 2704 769.
1514 2666 1565 2704 tr.
1593 2664 1669 2716 IV,
1696 2666 1738 2714 4,
